%YAML 1.1
%TAG !u! tag:unity3d.com,2011:
--- !u!1 &1017282581267276
GameObject:
  m_ObjectHideFlags: 0
  m_CorrespondingSourceObject: {fileID: 0}
  m_PrefabInstance: {fileID: 0}
  m_PrefabAsset: {fileID: 0}
  serializedVersion: 6
  m_Component:
  - component: {fileID: 4357667557310150}
  m_Layer: 0
  m_Name: LeftHandMiddle4
  m_TagString: Untagged
  m_Icon: {fileID: 0}
  m_NavMeshLayer: 0
  m_StaticEditorFlags: 0
  m_IsActive: 1
--- !u!4 &4357667557310150
Transform:
  m_ObjectHideFlags: 0
  m_CorrespondingSourceObject: {fileID: 0}
  m_PrefabInstance: {fileID: 0}
  m_PrefabAsset: {fileID: 0}
  m_GameObject: {fileID: 1017282581267276}
  m_LocalRotation: {x: -0.000000051211913, y: -6.480875e-11, z: -5.108765e-10, w: 1}
  m_LocalPosition: {x: -0.000007714461, y: 0.07181344, z: 0.00000020021005}
  m_LocalScale: {x: 0.9999999, y: 0.99999994, z: 1}
  m_Children:
  - {fileID: 4317319689874566}
  m_Father: {fileID: 4303194157149542}
  m_RootOrder: 0
  m_LocalEulerAnglesHint: {x: -0.0000052881182, y: -0.000007830489, z: 0.00000031814704}
--- !u!1 &1041160520748860
GameObject:
  m_ObjectHideFlags: 0
  m_CorrespondingSourceObject: {fileID: 0}
  m_PrefabInstance: {fileID: 0}
  m_PrefabAsset: {fileID: 0}
  serializedVersion: 6
  m_Component:
  - component: {fileID: 4559718643658364}
  - component: {fileID: 136563227765719502}
  - component: {fileID: 54248659410815406}
  - component: {fileID: 144849338254739038}
  m_Layer: 0
  m_Name: LeftArm
  m_TagString: Untagged
  m_Icon: {fileID: 0}
  m_NavMeshLayer: 0
  m_StaticEditorFlags: 0
  m_IsActive: 1
--- !u!4 &4559718643658364
Transform:
  m_ObjectHideFlags: 0
  m_CorrespondingSourceObject: {fileID: 0}
  m_PrefabInstance: {fileID: 0}
  m_PrefabAsset: {fileID: 0}
  m_GameObject: {fileID: 1041160520748860}
  m_LocalRotation: {x: -0.1291656, y: -0.00048460715, z: -0.01833472, w: 0.9914534}
  m_LocalPosition: {x: 0.000000005960464, y: 0.2774177, z: 0.00000009775162}
  m_LocalScale: {x: 1, y: 1, z: 0.9999998}
  m_Children:
  - {fileID: 4639065636815270}
  m_Father: {fileID: 4614312770606244}
  m_RootOrder: 0
  m_LocalEulerAnglesHint: {x: 32.739468, y: 9.832041, z: -49.69322}
--- !u!136 &136563227765719502
CapsuleCollider:
  m_ObjectHideFlags: 0
  m_CorrespondingSourceObject: {fileID: 0}
  m_PrefabInstance: {fileID: 0}
  m_PrefabAsset: {fileID: 0}
  m_GameObject: {fileID: 1041160520748860}
  m_Material: {fileID: 0}
  m_IsTrigger: 0
  m_Enabled: 1
  m_Radius: 0.14103548
  m_Height: 0.5641419
  m_Direction: 1
  m_Center: {x: 0, y: 0.28207096, z: 0}
--- !u!54 &54248659410815406
Rigidbody:
  m_ObjectHideFlags: 0
  m_CorrespondingSourceObject: {fileID: 0}
  m_PrefabInstance: {fileID: 0}
  m_PrefabAsset: {fileID: 0}
  m_GameObject: {fileID: 1041160520748860}
  serializedVersion: 2
  m_Mass: 1.25
  m_Drag: 0
  m_AngularDrag: 0.05
  m_UseGravity: 1
  m_IsKinematic: 0
  m_Interpolate: 0
  m_Constraints: 0
  m_CollisionDetection: 0
--- !u!144 &144849338254739038
CharacterJoint:
  m_ObjectHideFlags: 0
  m_CorrespondingSourceObject: {fileID: 0}
  m_PrefabInstance: {fileID: 0}
  m_PrefabAsset: {fileID: 0}
  m_GameObject: {fileID: 1041160520748860}
  m_ConnectedBody: {fileID: 54598444661934446}
  m_Anchor: {x: 0, y: 0, z: 0}
  m_Axis: {x: 0, y: 0, z: -1}
  m_AutoConfigureConnectedAnchor: 1
  m_ConnectedAnchor: {x: -0.389171, y: 0.48622492, z: 0.04340882}
  serializedVersion: 2
  m_SwingAxis: {x: 1, y: 0, z: 0}
  m_TwistLimitSpring:
    spring: 0
    damper: 0
  m_LowTwistLimit:
    limit: -70
    bounciness: 0
    contactDistance: 0
  m_HighTwistLimit:
    limit: 10
    bounciness: 0
    contactDistance: 0
  m_SwingLimitSpring:
    spring: 0
    damper: 0
  m_Swing1Limit:
    limit: 50
    bounciness: 0
    contactDistance: 0
  m_Swing2Limit:
    limit: 0
    bounciness: 0
    contactDistance: 0
  m_EnableProjection: 0
  m_ProjectionDistance: 0.1
  m_ProjectionAngle: 180
  m_BreakForce: Infinity
  m_BreakTorque: Infinity
  m_EnableCollision: 0
  m_EnablePreprocessing: 0
  m_MassScale: 1
  m_ConnectedMassScale: 1
--- !u!1 &1048064144109942
GameObject:
  m_ObjectHideFlags: 0
  m_CorrespondingSourceObject: {fileID: 0}
  m_PrefabInstance: {fileID: 0}
  m_PrefabAsset: {fileID: 0}
  serializedVersion: 6
  m_Component:
  - component: {fileID: 4871617192009138}
  m_Layer: 0
  m_Name: LeftHandThumb4_end
  m_TagString: Untagged
  m_Icon: {fileID: 0}
  m_NavMeshLayer: 0
  m_StaticEditorFlags: 0
  m_IsActive: 1
--- !u!4 &4871617192009138
Transform:
  m_ObjectHideFlags: 0
  m_CorrespondingSourceObject: {fileID: 0}
  m_PrefabInstance: {fileID: 0}
  m_PrefabAsset: {fileID: 0}
  m_GameObject: {fileID: 1048064144109942}
  m_LocalRotation: {x: 0, y: -0, z: -0, w: 1}
  m_LocalPosition: {x: -0, y: 0.09359725, z: 0}
  m_LocalScale: {x: 1, y: 1, z: 1}
  m_Children: []
  m_Father: {fileID: 4252096123006164}
  m_RootOrder: 0
  m_LocalEulerAnglesHint: {x: 0, y: 0, z: 0}
--- !u!1 &1088859232536034
GameObject:
  m_ObjectHideFlags: 0
  m_CorrespondingSourceObject: {fileID: 0}
  m_PrefabInstance: {fileID: 0}
  m_PrefabAsset: {fileID: 0}
  serializedVersion: 6
  m_Component:
  - component: {fileID: 4280577195261510}
  m_Layer: 0
  m_Name: RightHand
  m_TagString: Untagged
  m_Icon: {fileID: 0}
  m_NavMeshLayer: 0
  m_StaticEditorFlags: 0
  m_IsActive: 1
--- !u!4 &4280577195261510
Transform:
  m_ObjectHideFlags: 0
  m_CorrespondingSourceObject: {fileID: 0}
  m_PrefabInstance: {fileID: 0}
  m_PrefabAsset: {fileID: 0}
  m_GameObject: {fileID: 1088859232536034}
  m_LocalRotation: {x: 0.015673457, y: 0.06505453, z: 0.01183475, w: 0.9976884}
  m_LocalPosition: {x: 0.00000007046954, y: 0.5641963, z: 7.0431265e-11}
  m_LocalScale: {x: 1, y: 0.9999999, z: 1.0000001}
  m_Children:
  - {fileID: 4604376645236048}
  - {fileID: 4759996461451236}
  - {fileID: 4843859768763112}
  - {fileID: 4624761735687992}
  m_Father: {fileID: 4923703187941060}
  m_RootOrder: 0
  m_LocalEulerAnglesHint: {x: -21.869173, y: -41.715866, z: -11.820044}
--- !u!1 &1121506408604502
GameObject:
  m_ObjectHideFlags: 0
  m_CorrespondingSourceObject: {fileID: 0}
  m_PrefabInstance: {fileID: 0}
  m_PrefabAsset: {fileID: 0}
  serializedVersion: 6
  m_Component:
  - component: {fileID: 4642649242049622}
  - component: {fileID: 136868165738358964}
  - component: {fileID: 54961694392439386}
  - component: {fileID: 144305876314967874}
  m_Layer: 0
  m_Name: RightLeg
  m_TagString: Untagged
  m_Icon: {fileID: 0}
  m_NavMeshLayer: 0
  m_StaticEditorFlags: 0
  m_IsActive: 1
--- !u!4 &4642649242049622
Transform:
  m_ObjectHideFlags: 0
  m_CorrespondingSourceObject: {fileID: 0}
  m_PrefabInstance: {fileID: 0}
  m_PrefabAsset: {fileID: 0}
  m_GameObject: {fileID: 1121506408604502}
  m_LocalRotation: {x: -0.01676207, y: 0.000011051462, z: 0.003982753, w: 0.9998516}
  m_LocalPosition: {x: -0.000000029723159, y: 0.9047951, z: -0.0000000021234154}
  m_LocalScale: {x: 0.9999999, y: 0.99999994, z: 0.99999976}
  m_Children:
  - {fileID: 4639821784979810}
  m_Father: {fileID: 4991543832217308}
  m_RootOrder: 0
  m_LocalEulerAnglesHint: {x: -21.054468, y: 8.977206, z: -1.3492357}
--- !u!136 &136868165738358964
CapsuleCollider:
  m_ObjectHideFlags: 0
  m_CorrespondingSourceObject: {fileID: 0}
  m_PrefabInstance: {fileID: 0}
  m_PrefabAsset: {fileID: 0}
  m_GameObject: {fileID: 1121506408604502}
  m_Material: {fileID: 0}
  m_IsTrigger: 0
  m_Enabled: 1
  m_Radius: 0.25231186
  m_Height: 1.0092474
  m_Direction: 1
  m_Center: {x: 0, y: 0.5046237, z: 0}
--- !u!54 &54961694392439386
Rigidbody:
  m_ObjectHideFlags: 0
  m_CorrespondingSourceObject: {fileID: 0}
  m_PrefabInstance: {fileID: 0}
  m_PrefabAsset: {fileID: 0}
  m_GameObject: {fileID: 1121506408604502}
  serializedVersion: 2
  m_Mass: 1.875
  m_Drag: 0
  m_AngularDrag: 0.05
  m_UseGravity: 1
  m_IsKinematic: 0
  m_Interpolate: 0
  m_Constraints: 0
  m_CollisionDetection: 0
--- !u!144 &144305876314967874
CharacterJoint:
  m_ObjectHideFlags: 0
  m_CorrespondingSourceObject: {fileID: 0}
  m_PrefabInstance: {fileID: 0}
  m_PrefabAsset: {fileID: 0}
  m_GameObject: {fileID: 1121506408604502}
  m_ConnectedBody: {fileID: 54188955609331094}
  m_Anchor: {x: 0, y: 0, z: 0}
  m_Axis: {x: -1, y: 0, z: 0}
  m_AutoConfigureConnectedAnchor: 1
  m_ConnectedAnchor: {x: -0.000000035156695, y: 0.90479517, z: -9.312812e-10}
  serializedVersion: 2
  m_SwingAxis: {x: 0, y: 0, z: 1}
  m_TwistLimitSpring:
    spring: 0
    damper: 0
  m_LowTwistLimit:
    limit: -80
    bounciness: 0
    contactDistance: 0
  m_HighTwistLimit:
    limit: 0
    bounciness: 0
    contactDistance: 0
  m_SwingLimitSpring:
    spring: 0
    damper: 0
  m_Swing1Limit:
    limit: 0
    bounciness: 0
    contactDistance: 0
  m_Swing2Limit:
    limit: 0
    bounciness: 0
    contactDistance: 0
  m_EnableProjection: 0
  m_ProjectionDistance: 0.1
  m_ProjectionAngle: 180
  m_BreakForce: Infinity
  m_BreakTorque: Infinity
  m_EnableCollision: 0
  m_EnablePreprocessing: 0
  m_MassScale: 1
  m_ConnectedMassScale: 1
--- !u!1 &1128614890691218
GameObject:
  m_ObjectHideFlags: 0
  m_CorrespondingSourceObject: {fileID: 0}
  m_PrefabInstance: {fileID: 0}
  m_PrefabAsset: {fileID: 0}
  serializedVersion: 6
  m_Component:
  - component: {fileID: 4478461222903236}
  m_Layer: 0
  m_Name: LeftHandIndex1
  m_TagString: Untagged
  m_Icon: {fileID: 0}
  m_NavMeshLayer: 0
  m_StaticEditorFlags: 0
  m_IsActive: 1
--- !u!4 &4478461222903236
Transform:
  m_ObjectHideFlags: 0
  m_CorrespondingSourceObject: {fileID: 0}
  m_PrefabInstance: {fileID: 0}
  m_PrefabAsset: {fileID: 0}
  m_GameObject: {fileID: 1128614890691218}
  m_LocalRotation: {x: -0.010760107, y: -0.00029030498, z: 0.011385759, w: 0.9998773}
  m_LocalPosition: {x: 0.07687321, y: 0.18763481, z: 0.00026985424}
  m_LocalScale: {x: 0.9999999, y: 0.9999998, z: 0.99999964}
  m_Children:
  - {fileID: 4544182336913684}
  m_Father: {fileID: 4214212712561404}
  m_RootOrder: 0
  m_LocalEulerAnglesHint: {x: 30.159002, y: 3.11879, z: 4.5548973}
--- !u!1 &1177751326871854
GameObject:
  m_ObjectHideFlags: 0
  m_CorrespondingSourceObject: {fileID: 0}
  m_PrefabInstance: {fileID: 0}
  m_PrefabAsset: {fileID: 0}
  serializedVersion: 6
  m_Component:
  - component: {fileID: 4673295869186434}
  m_Layer: 0
  m_Name: RightHandThumb2
  m_TagString: Untagged
  m_Icon: {fileID: 0}
  m_NavMeshLayer: 0
  m_StaticEditorFlags: 0
  m_IsActive: 1
--- !u!4 &4673295869186434
Transform:
  m_ObjectHideFlags: 0
  m_CorrespondingSourceObject: {fileID: 0}
  m_PrefabInstance: {fileID: 0}
  m_PrefabAsset: {fileID: 0}
  m_GameObject: {fileID: 1177751326871854}
  m_LocalRotation: {x: 0.0000022116035, y: -0.00013088566, z: 0.07500483, w: 0.9971832}
  m_LocalPosition: {x: -0.0070945024, y: 0.07546164, z: -0.000000088214875}
  m_LocalScale: {x: 1.0000001, y: 1, z: 1}
  m_Children:
  - {fileID: 4317505074231292}
  m_Father: {fileID: 4624761735687992}
  m_RootOrder: 0
  m_LocalEulerAnglesHint: {x: -1.796761, y: 22.16999, z: -19.420961}
--- !u!1 &1183887470268812
GameObject:
  m_ObjectHideFlags: 0
  m_CorrespondingSourceObject: {fileID: 0}
  m_PrefabInstance: {fileID: 0}
  m_PrefabAsset: {fileID: 0}
  serializedVersion: 6
  m_Component:
  - component: {fileID: 4892399448031290}
  m_Layer: 0
  m_Name: RightHandRing2
  m_TagString: Untagged
  m_Icon: {fileID: 0}
  m_NavMeshLayer: 0
  m_StaticEditorFlags: 0
  m_IsActive: 1
--- !u!4 &4892399448031290
Transform:
  m_ObjectHideFlags: 0
  m_CorrespondingSourceObject: {fileID: 0}
  m_PrefabInstance: {fileID: 0}
  m_PrefabAsset: {fileID: 0}
  m_GameObject: {fileID: 1183887470268812}
  m_LocalRotation: {x: -0.0000006328338, y: 0.0000056196136, z: -0.00028286088, w: 1}
  m_LocalPosition: {x: 0.00000042164754, y: 0.07466985, z: 0.00000015444326}
  m_LocalScale: {x: 0.9999999, y: 0.9999997, z: 0.9999999}
  m_Children:
  - {fileID: 4681435863773360}
  m_Father: {fileID: 4843859768763112}
  m_RootOrder: 0
  m_LocalEulerAnglesHint: {x: 80.47836, y: -145.27596, z: -150.39354}
--- !u!1 &1222899329462154
GameObject:
  m_ObjectHideFlags: 0
  m_CorrespondingSourceObject: {fileID: 0}
  m_PrefabInstance: {fileID: 0}
  m_PrefabAsset: {fileID: 0}
  serializedVersion: 6
  m_Component:
  - component: {fileID: 4674950879072468}
  m_Layer: 0
  m_Name: Neck
  m_TagString: Untagged
  m_Icon: {fileID: 0}
  m_NavMeshLayer: 0
  m_StaticEditorFlags: 0
  m_IsActive: 1
--- !u!4 &4674950879072468
Transform:
  m_ObjectHideFlags: 0
  m_CorrespondingSourceObject: {fileID: 0}
  m_PrefabInstance: {fileID: 0}
  m_PrefabAsset: {fileID: 0}
  m_GameObject: {fileID: 1222899329462154}
  m_LocalRotation: {x: 0.06396503, y: 3.6329089e-12, z: -5.7866417e-11, w: 0.99795216}
  m_LocalPosition: {x: -4.087898e-13, y: 0.31525794, z: -0.000000019073486}
  m_LocalScale: {x: 1, y: 0.99999994, z: 0.99999994}
  m_Children:
  - {fileID: 4873122457856928}
  m_Father: {fileID: 4537741575199656}
  m_RootOrder: 1
  m_LocalEulerAnglesHint: {x: 0.418, y: 3.1940002, z: 2.686}
--- !u!1 &1229260251132262
GameObject:
  m_ObjectHideFlags: 0
  m_CorrespondingSourceObject: {fileID: 0}
  m_PrefabInstance: {fileID: 0}
  m_PrefabAsset: {fileID: 0}
  serializedVersion: 6
  m_Component:
  - component: {fileID: 4746906622811342}
  m_Layer: 0
  m_Name: RightToe_End
  m_TagString: Untagged
  m_Icon: {fileID: 0}
  m_NavMeshLayer: 0
  m_StaticEditorFlags: 0
  m_IsActive: 1
--- !u!4 &4746906622811342
Transform:
  m_ObjectHideFlags: 0
  m_CorrespondingSourceObject: {fileID: 0}
  m_PrefabInstance: {fileID: 0}
  m_PrefabAsset: {fileID: 0}
  m_GameObject: {fileID: 1229260251132262}
  m_LocalRotation: {x: -0.000000017753337, y: -0.000000684784, z: 0.000000025494955,
    w: 1}
  m_LocalPosition: {x: 0.000000024810433, y: 0.14869191, z: 0.0000000017881393}
  m_LocalScale: {x: 1, y: 1, z: 1}
  m_Children:
  - {fileID: 4496512199548648}
  m_Father: {fileID: 4898023448782210}
  m_RootOrder: 0
  m_LocalEulerAnglesHint: {x: 0, y: -0.00009999999, z: 0}
--- !u!1 &1239936411849534
GameObject:
  m_ObjectHideFlags: 0
  m_CorrespondingSourceObject: {fileID: 0}
  m_PrefabInstance: {fileID: 0}
  m_PrefabAsset: {fileID: 0}
  serializedVersion: 6
  m_Component:
  - component: {fileID: 4676191421738316}
  m_Layer: 0
  m_Name: LeftHandThumb3
  m_TagString: Untagged
  m_Icon: {fileID: 0}
  m_NavMeshLayer: 0
  m_StaticEditorFlags: 0
  m_IsActive: 1
--- !u!4 &4676191421738316
Transform:
  m_ObjectHideFlags: 0
  m_CorrespondingSourceObject: {fileID: 0}
  m_PrefabInstance: {fileID: 0}
  m_PrefabAsset: {fileID: 0}
  m_GameObject: {fileID: 1239936411849534}
  m_LocalRotation: {x: 0.00017796995, y: -0.0033164516, z: -0.0027236103, w: 0.9999908}
  m_LocalPosition: {x: -0.0050527174, y: 0.09939868, z: 0.000000032484532}
  m_LocalScale: {x: 1, y: 1, z: 1.0000001}
  m_Children:
  - {fileID: 4252096123006164}
  m_Father: {fileID: 4743646057808422}
  m_RootOrder: 0
  m_LocalEulerAnglesHint: {x: 11.598001, y: 6.056, z: 25.524002}
--- !u!1 &1240211004466718
GameObject:
  m_ObjectHideFlags: 0
  m_CorrespondingSourceObject: {fileID: 0}
  m_PrefabInstance: {fileID: 0}
  m_PrefabAsset: {fileID: 0}
  serializedVersion: 6
  m_Component:
  - component: {fileID: 4092977224084424}
  m_Layer: 0
  m_Name: LeftHandMiddle2
  m_TagString: Untagged
  m_Icon: {fileID: 0}
  m_NavMeshLayer: 0
  m_StaticEditorFlags: 0
  m_IsActive: 1
--- !u!4 &4092977224084424
Transform:
  m_ObjectHideFlags: 0
  m_CorrespondingSourceObject: {fileID: 0}
  m_PrefabInstance: {fileID: 0}
  m_PrefabAsset: {fileID: 0}
  m_GameObject: {fileID: 1240211004466718}
  m_LocalRotation: {x: -0.00000041188372, y: -0.0000008070099, z: 0.00007742157, w: 1}
  m_LocalPosition: {x: -0.000003696694, y: 0.10039547, z: 0.0000005090366}
  m_LocalScale: {x: 1, y: 0.9999998, z: 0.9999998}
  m_Children:
  - {fileID: 4303194157149542}
  m_Father: {fileID: 4009962752492364}
  m_RootOrder: 0
  m_LocalEulerAnglesHint: {x: 59.84724, y: 5.9779305, z: 10.37159}
--- !u!1 &1292501320155488
GameObject:
  m_ObjectHideFlags: 0
  m_CorrespondingSourceObject: {fileID: 0}
  m_PrefabInstance: {fileID: 0}
  m_PrefabAsset: {fileID: 0}
  serializedVersion: 6
  m_Component:
  - component: {fileID: 4252096123006164}
  m_Layer: 0
  m_Name: LeftHandThumb4
  m_TagString: Untagged
  m_Icon: {fileID: 0}
  m_NavMeshLayer: 0
  m_StaticEditorFlags: 0
  m_IsActive: 1
--- !u!4 &4252096123006164
Transform:
  m_ObjectHideFlags: 0
  m_CorrespondingSourceObject: {fileID: 0}
  m_PrefabInstance: {fileID: 0}
  m_PrefabAsset: {fileID: 0}
  m_GameObject: {fileID: 1292501320155488}
  m_LocalRotation: {x: 0.00000009685755, y: -0.0000000023283055, z: 9.313235e-10,
    w: 1}
  m_LocalPosition: {x: -0.0052579856, y: 0.09344905, z: -0.00000043153761}
  m_LocalScale: {x: 0.99999994, y: 1, z: 1.0000001}
  m_Children:
  - {fileID: 4871617192009138}
  m_Father: {fileID: 4676191421738316}
  m_RootOrder: 0
  m_LocalEulerAnglesHint: {x: 7.9513863e-16, y: 4.413906e-32, z: 3.1805545e-15}
--- !u!1 &1293020512965336
GameObject:
  m_ObjectHideFlags: 0
  m_CorrespondingSourceObject: {fileID: 0}
  m_PrefabInstance: {fileID: 0}
  m_PrefabAsset: {fileID: 0}
  serializedVersion: 6
  m_Component:
  - component: {fileID: 4831621576943344}
  m_Layer: 0
  m_Name: RightHandIndex4_end
  m_TagString: Untagged
  m_Icon: {fileID: 0}
  m_NavMeshLayer: 0
  m_StaticEditorFlags: 0
  m_IsActive: 1
--- !u!4 &4831621576943344
Transform:
  m_ObjectHideFlags: 0
  m_CorrespondingSourceObject: {fileID: 0}
  m_PrefabInstance: {fileID: 0}
  m_PrefabAsset: {fileID: 0}
  m_GameObject: {fileID: 1293020512965336}
  m_LocalRotation: {x: 0, y: -0, z: -0, w: 1}
  m_LocalPosition: {x: -0, y: 0.07813353, z: 0}
  m_LocalScale: {x: 1, y: 1, z: 1}
  m_Children: []
  m_Father: {fileID: 4897211806622744}
  m_RootOrder: 0
  m_LocalEulerAnglesHint: {x: 0, y: 0, z: 0}
--- !u!1 &1307667415063688
GameObject:
  m_ObjectHideFlags: 0
  m_CorrespondingSourceObject: {fileID: 0}
  m_PrefabInstance: {fileID: 0}
  m_PrefabAsset: {fileID: 0}
  serializedVersion: 6
  m_Component:
  - component: {fileID: 4645372153521696}
  - component: {fileID: 136618762219977602}
  - component: {fileID: 54482673169327260}
  - component: {fileID: 144137795505476760}
  m_Layer: 0
  m_Name: LeftUpLeg
  m_TagString: Untagged
  m_Icon: {fileID: 0}
  m_NavMeshLayer: 0
  m_StaticEditorFlags: 0
  m_IsActive: 1
--- !u!4 &4645372153521696
Transform:
  m_ObjectHideFlags: 0
  m_CorrespondingSourceObject: {fileID: 0}
  m_PrefabInstance: {fileID: 0}
  m_PrefabAsset: {fileID: 0}
  m_GameObject: {fileID: 1307667415063688}
  m_LocalRotation: {x: -0.00039857678, y: -0.004921418, z: 0.99998605, w: -0.0018679219}
  m_LocalPosition: {x: -0.22589296, y: -0.115975425, z: -0.008026176}
  m_LocalScale: {x: 0.9999604, y: 0.99999976, z: 0.9999476}
  m_Children:
  - {fileID: 4091707107240216}
  m_Father: {fileID: 4900084937606060}
  m_RootOrder: 0
  m_LocalEulerAnglesHint: {x: -30.12286, y: -10.557054, z: 163.26515}
--- !u!136 &136618762219977602
CapsuleCollider:
  m_ObjectHideFlags: 0
  m_CorrespondingSourceObject: {fileID: 0}
  m_PrefabInstance: {fileID: 0}
  m_PrefabAsset: {fileID: 0}
  m_GameObject: {fileID: 1307667415063688}
  m_Material: {fileID: 0}
  m_IsTrigger: 0
  m_Enabled: 1
  m_Radius: 0.27133995
  m_Height: 0.90446645
  m_Direction: 1
  m_Center: {x: 0, y: 0.45223323, z: 0}
--- !u!54 &54482673169327260
Rigidbody:
  m_ObjectHideFlags: 0
  m_CorrespondingSourceObject: {fileID: 0}
  m_PrefabInstance: {fileID: 0}
  m_PrefabAsset: {fileID: 0}
  m_GameObject: {fileID: 1307667415063688}
  serializedVersion: 2
  m_Mass: 1.875
  m_Drag: 0
  m_AngularDrag: 0.05
  m_UseGravity: 1
  m_IsKinematic: 0
  m_Interpolate: 0
  m_Constraints: 0
  m_CollisionDetection: 0
--- !u!144 &144137795505476760
CharacterJoint:
  m_ObjectHideFlags: 0
  m_CorrespondingSourceObject: {fileID: 0}
  m_PrefabInstance: {fileID: 0}
  m_PrefabAsset: {fileID: 0}
  m_GameObject: {fileID: 1307667415063688}
  m_ConnectedBody: {fileID: 54947946160419318}
  m_Anchor: {x: 0, y: 0, z: 0}
  m_Axis: {x: -1, y: 0, z: 0}
  m_AutoConfigureConnectedAnchor: 1
  m_ConnectedAnchor: {x: -0.22589296, y: -0.115975425, z: -0.008026176}
  serializedVersion: 2
  m_SwingAxis: {x: 0, y: 0, z: 1}
  m_TwistLimitSpring:
    spring: 0
    damper: 0
  m_LowTwistLimit:
    limit: -20
    bounciness: 0
    contactDistance: 0
  m_HighTwistLimit:
    limit: 70
    bounciness: 0
    contactDistance: 0
  m_SwingLimitSpring:
    spring: 0
    damper: 0
  m_Swing1Limit:
    limit: 30
    bounciness: 0
    contactDistance: 0
  m_Swing2Limit:
    limit: 0
    bounciness: 0
    contactDistance: 0
  m_EnableProjection: 0
  m_ProjectionDistance: 0.1
  m_ProjectionAngle: 180
  m_BreakForce: Infinity
  m_BreakTorque: Infinity
  m_EnableCollision: 0
  m_EnablePreprocessing: 0
  m_MassScale: 1
  m_ConnectedMassScale: 1
--- !u!1 &1317995379929118
GameObject:
  m_ObjectHideFlags: 0
  m_CorrespondingSourceObject: {fileID: 0}
  m_PrefabInstance: {fileID: 0}
  m_PrefabAsset: {fileID: 0}
  serializedVersion: 6
  m_Component:
  - component: {fileID: 4817062607954700}
  m_Layer: 0
  m_Name: LeftToe_End
  m_TagString: Untagged
  m_Icon: {fileID: 0}
  m_NavMeshLayer: 0
  m_StaticEditorFlags: 0
  m_IsActive: 1
--- !u!4 &4817062607954700
Transform:
  m_ObjectHideFlags: 0
  m_CorrespondingSourceObject: {fileID: 0}
  m_PrefabInstance: {fileID: 0}
  m_PrefabAsset: {fileID: 0}
  m_GameObject: {fileID: 1317995379929118}
  m_LocalRotation: {x: 0.00000007514609, y: -0.0000013017852, z: -0.000000004976755,
    w: 1}
  m_LocalPosition: {x: -0.000000013113022, y: 0.14876196, z: 5.9604643e-10}
  m_LocalScale: {x: 1, y: 1.0000001, z: 0.99999994}
  m_Children:
  - {fileID: 4767104118686470}
  m_Father: {fileID: 4787291019935036}
  m_RootOrder: 0
  m_LocalEulerAnglesHint: {x: 0, y: -0.00009999999, z: 0}
--- !u!1 &1366982826096672
GameObject:
  m_ObjectHideFlags: 0
  m_CorrespondingSourceObject: {fileID: 0}
  m_PrefabInstance: {fileID: 0}
  m_PrefabAsset: {fileID: 0}
  serializedVersion: 6
  m_Component:
  - component: {fileID: 4697905301089508}
  m_Layer: 0
  m_Name: RightHandMiddle2
  m_TagString: Untagged
  m_Icon: {fileID: 0}
  m_NavMeshLayer: 0
  m_StaticEditorFlags: 0
  m_IsActive: 1
--- !u!4 &4697905301089508
Transform:
  m_ObjectHideFlags: 0
  m_CorrespondingSourceObject: {fileID: 0}
  m_PrefabInstance: {fileID: 0}
  m_PrefabAsset: {fileID: 0}
  m_GameObject: {fileID: 1366982826096672}
  m_LocalRotation: {x: -0.00000048939756, y: 0.00001761173, z: -0.0005494726, w: 0.9999999}
  m_LocalPosition: {x: 0.000012743938, y: 0.09686969, z: 0.00000025040586}
  m_LocalScale: {x: 1, y: 0.9999998, z: 0.9999998}
  m_Children:
  - {fileID: 4223393415588264}
  m_Father: {fileID: 4759996461451236}
  m_RootOrder: 0
  m_LocalEulerAnglesHint: {x: 67.80188, y: -163.69379, z: -169.05174}
--- !u!1 &1369166179003364
GameObject:
  m_ObjectHideFlags: 0
  m_CorrespondingSourceObject: {fileID: 0}
  m_PrefabInstance: {fileID: 0}
  m_PrefabAsset: {fileID: 0}
  serializedVersion: 6
  m_Component:
  - component: {fileID: 4873122457856928}
  - component: {fileID: 135716021493600076}
  - component: {fileID: 54305583102822166}
  - component: {fileID: 144309443228959082}
  m_Layer: 0
  m_Name: Head
  m_TagString: Untagged
  m_Icon: {fileID: 0}
  m_NavMeshLayer: 0
  m_StaticEditorFlags: 0
  m_IsActive: 1
--- !u!4 &4873122457856928
Transform:
  m_ObjectHideFlags: 0
  m_CorrespondingSourceObject: {fileID: 0}
  m_PrefabInstance: {fileID: 0}
  m_PrefabAsset: {fileID: 0}
  m_GameObject: {fileID: 1369166179003364}
  m_LocalRotation: {x: -0.0000000152083, y: -8.772908e-19, z: 5.8207654e-11, w: 1}
  m_LocalPosition: {x: 1.7279511e-12, y: 0.14397918, z: 0.06219367}
  m_LocalScale: {x: 1, y: 1, z: 1}
  m_Children:
  - {fileID: 4140686567355518}
  m_Father: {fileID: 4674950879072468}
  m_RootOrder: 0
  m_LocalEulerAnglesHint: {x: 16.784, y: -2.6520002, z: -2.1360002}
--- !u!135 &135716021493600076
SphereCollider:
  m_ObjectHideFlags: 0
  m_CorrespondingSourceObject: {fileID: 0}
  m_PrefabInstance: {fileID: 0}
  m_PrefabAsset: {fileID: 0}
  m_GameObject: {fileID: 1369166179003364}
  m_Material: {fileID: 0}
  m_IsTrigger: 0
  m_Enabled: 1
  serializedVersion: 2
  m_Radius: 0.19668302
  m_Center: {x: 0, y: 0.19668302, z: 0}
--- !u!54 &54305583102822166
Rigidbody:
  m_ObjectHideFlags: 0
  m_CorrespondingSourceObject: {fileID: 0}
  m_PrefabInstance: {fileID: 0}
  m_PrefabAsset: {fileID: 0}
  m_GameObject: {fileID: 1369166179003364}
  serializedVersion: 2
  m_Mass: 1.25
  m_Drag: 0
  m_AngularDrag: 0.05
  m_UseGravity: 1
  m_IsKinematic: 0
  m_Interpolate: 0
  m_Constraints: 0
  m_CollisionDetection: 0
--- !u!144 &144309443228959082
CharacterJoint:
  m_ObjectHideFlags: 0
  m_CorrespondingSourceObject: {fileID: 0}
  m_PrefabInstance: {fileID: 0}
  m_PrefabAsset: {fileID: 0}
  m_GameObject: {fileID: 1369166179003364}
  m_ConnectedBody: {fileID: 54598444661934446}
  m_Anchor: {x: 0, y: 0, z: 0}
  m_Axis: {x: 1, y: 0, z: 0}
  m_AutoConfigureConnectedAnchor: 1
  m_ConnectedAnchor: {x: 0.00000003569267, y: 0.73034954, z: 0.080066174}
  serializedVersion: 2
  m_SwingAxis: {x: 0, y: 0, z: 1}
  m_TwistLimitSpring:
    spring: 0
    damper: 0
  m_LowTwistLimit:
    limit: -40
    bounciness: 0
    contactDistance: 0
  m_HighTwistLimit:
    limit: 25
    bounciness: 0
    contactDistance: 0
  m_SwingLimitSpring:
    spring: 0
    damper: 0
  m_Swing1Limit:
    limit: 25
    bounciness: 0
    contactDistance: 0
  m_Swing2Limit:
    limit: 0
    bounciness: 0
    contactDistance: 0
  m_EnableProjection: 0
  m_ProjectionDistance: 0.1
  m_ProjectionAngle: 180
  m_BreakForce: Infinity
  m_BreakTorque: Infinity
  m_EnableCollision: 0
  m_EnablePreprocessing: 0
  m_MassScale: 1
  m_ConnectedMassScale: 1
--- !u!1 &1375413629249256
GameObject:
  m_ObjectHideFlags: 0
  m_CorrespondingSourceObject: {fileID: 0}
  m_PrefabInstance: {fileID: 0}
  m_PrefabAsset: {fileID: 0}
  serializedVersion: 6
  m_Component:
  - component: {fileID: 4317505074231292}
  m_Layer: 0
  m_Name: RightHandThumb3
  m_TagString: Untagged
  m_Icon: {fileID: 0}
  m_NavMeshLayer: 0
  m_StaticEditorFlags: 0
  m_IsActive: 1
--- !u!4 &4317505074231292
Transform:
  m_ObjectHideFlags: 0
  m_CorrespondingSourceObject: {fileID: 0}
  m_PrefabInstance: {fileID: 0}
  m_PrefabAsset: {fileID: 0}
  m_GameObject: {fileID: 1375413629249256}
  m_LocalRotation: {x: -0.000019641873, y: -0.00055082334, z: -0.020183781, w: 0.99979615}
  m_LocalPosition: {x: 0.0056088273, y: 0.09934274, z: 0.00000006780028}
  m_LocalScale: {x: 0.9999997, y: 0.9999997, z: 1.0000001}
  m_Children:
  - {fileID: 4713594701497828}
  m_Father: {fileID: 4673295869186434}
  m_RootOrder: 0
  m_LocalEulerAnglesHint: {x: -12.448887, y: 10.254998, z: -60.145153}
--- !u!1 &1420132761179514
GameObject:
  m_ObjectHideFlags: 0
  m_CorrespondingSourceObject: {fileID: 0}
  m_PrefabInstance: {fileID: 0}
  m_PrefabAsset: {fileID: 0}
  serializedVersion: 6
  m_Component:
  - component: {fileID: 4214212712561404}
  m_Layer: 0
  m_Name: LeftHand
  m_TagString: Untagged
  m_Icon: {fileID: 0}
  m_NavMeshLayer: 0
  m_StaticEditorFlags: 0
  m_IsActive: 1
--- !u!4 &4214212712561404
Transform:
  m_ObjectHideFlags: 0
  m_CorrespondingSourceObject: {fileID: 0}
  m_PrefabInstance: {fileID: 0}
  m_PrefabAsset: {fileID: 0}
  m_GameObject: {fileID: 1420132761179514}
  m_LocalRotation: {x: 0.011478862, y: -0.06503557, z: -0.010637057, w: 0.99776024}
  m_LocalPosition: {x: -0.00000003057903, y: 0.56424457, z: 0.00000008977338}
  m_LocalScale: {x: 1.0000002, y: 1.0000002, z: 1.0000004}
  m_Children:
  - {fileID: 4478461222903236}
  - {fileID: 4009962752492364}
  - {fileID: 4991192081951072}
  - {fileID: 4957977115109022}
  m_Father: {fileID: 4639065636815270}
  m_RootOrder: 0
  m_LocalEulerAnglesHint: {x: -41.16565, y: 24.015383, z: 37.092606}
--- !u!1 &1427045055796792
GameObject:
  m_ObjectHideFlags: 0
  m_CorrespondingSourceObject: {fileID: 0}
  m_PrefabInstance: {fileID: 0}
  m_PrefabAsset: {fileID: 0}
  serializedVersion: 6
  m_Component:
  - component: {fileID: 4090974971153606}
  m_Layer: 0
  m_Name: LeftHandIndex4
  m_TagString: Untagged
  m_Icon: {fileID: 0}
  m_NavMeshLayer: 0
  m_StaticEditorFlags: 0
  m_IsActive: 1
--- !u!4 &4090974971153606
Transform:
  m_ObjectHideFlags: 0
  m_CorrespondingSourceObject: {fileID: 0}
  m_PrefabInstance: {fileID: 0}
  m_PrefabAsset: {fileID: 0}
  m_GameObject: {fileID: 1427045055796792}
  m_LocalRotation: {x: 0.0000000142378696, y: -1.2562525e-11, z: 0.0000000013446517,
    w: 1}
  m_LocalPosition: {x: -0.000026542619, y: 0.077094056, z: 0.000000029700061}
  m_LocalScale: {x: 1, y: 1.0000001, z: 1}
  m_Children:
  - {fileID: 4371319444486602}
  m_Father: {fileID: 4601795637774152}
  m_RootOrder: 0
  m_LocalEulerAnglesHint: {x: 2.518131e-14, y: 0.00000121853, z: -0.0000011840355}
--- !u!1 &1438791719147774
GameObject:
  m_ObjectHideFlags: 0
  m_CorrespondingSourceObject: {fileID: 0}
  m_PrefabInstance: {fileID: 0}
  m_PrefabAsset: {fileID: 0}
  serializedVersion: 6
  m_Component:
  - component: {fileID: 4140686567355518}
  m_Layer: 0
  m_Name: HeadTop_End
  m_TagString: Untagged
  m_Icon: {fileID: 0}
  m_NavMeshLayer: 0
  m_StaticEditorFlags: 0
  m_IsActive: 1
--- !u!4 &4140686567355518
Transform:
  m_ObjectHideFlags: 0
  m_CorrespondingSourceObject: {fileID: 0}
  m_PrefabInstance: {fileID: 0}
  m_PrefabAsset: {fileID: 0}
  m_GameObject: {fileID: 1438791719147774}
  m_LocalRotation: {x: -3.1070972e-22, y: -2.4372557e-20, z: 5.8207654e-11, w: 1}
  m_LocalPosition: {x: 4.5472996e-12, y: 0.43174744, z: 0.18649887}
  m_LocalScale: {x: 1, y: 1, z: 1}
  m_Children:
  - {fileID: 4699798660563990}
  m_Father: {fileID: 4873122457856928}
  m_RootOrder: 0
  m_LocalEulerAnglesHint: {x: 0, y: 0, z: 0}
--- !u!1 &1442462308215198
GameObject:
  m_ObjectHideFlags: 0
  m_CorrespondingSourceObject: {fileID: 0}
  m_PrefabInstance: {fileID: 0}
  m_PrefabAsset: {fileID: 0}
  serializedVersion: 6
  m_Component:
  - component: {fileID: 4537741575199656}
  m_Layer: 0
  m_Name: Spine2
  m_TagString: Untagged
  m_Icon: {fileID: 0}
  m_NavMeshLayer: 0
  m_StaticEditorFlags: 0
  m_IsActive: 1
--- !u!4 &4537741575199656
Transform:
  m_ObjectHideFlags: 0
  m_CorrespondingSourceObject: {fileID: 0}
  m_PrefabInstance: {fileID: 0}
  m_PrefabAsset: {fileID: 0}
  m_GameObject: {fileID: 1442462308215198}
  m_LocalRotation: {x: -0.00000012665988, y: 7.9079004e-18, z: -5.7731347e-11, w: 1}
  m_LocalPosition: {x: 0.00000003562309, y: 0.2802308, z: 0.000000044703484}
  m_LocalScale: {x: 1, y: 0.99999994, z: 0.99999994}
  m_Children:
  - {fileID: 4614312770606244}
  - {fileID: 4674950879072468}
  - {fileID: 4102662373001188}
  m_Father: {fileID: 4671729375290812}
  m_RootOrder: 0
  m_LocalEulerAnglesHint: {x: 1.6785977, y: -9.668843, z: -0.9425627}
--- !u!1 &1446513708980436
GameObject:
  m_ObjectHideFlags: 0
  m_CorrespondingSourceObject: {fileID: 0}
  m_PrefabInstance: {fileID: 0}
  m_PrefabAsset: {fileID: 0}
  serializedVersion: 6
  m_Component:
  - component: {fileID: 4371319444486602}
  m_Layer: 0
  m_Name: LeftHandIndex4_end
  m_TagString: Untagged
  m_Icon: {fileID: 0}
  m_NavMeshLayer: 0
  m_StaticEditorFlags: 0
  m_IsActive: 1
--- !u!4 &4371319444486602
Transform:
  m_ObjectHideFlags: 0
  m_CorrespondingSourceObject: {fileID: 0}
  m_PrefabInstance: {fileID: 0}
  m_PrefabAsset: {fileID: 0}
  m_GameObject: {fileID: 1446513708980436}
  m_LocalRotation: {x: 0, y: -0, z: -0, w: 1}
  m_LocalPosition: {x: -0, y: 0.07709383, z: 0}
  m_LocalScale: {x: 1, y: 1, z: 1}
  m_Children: []
  m_Father: {fileID: 4090974971153606}
  m_RootOrder: 0
  m_LocalEulerAnglesHint: {x: 0, y: 0, z: 0}
--- !u!1 &1454715752875436
GameObject:
  m_ObjectHideFlags: 0
  m_CorrespondingSourceObject: {fileID: 0}
  m_PrefabInstance: {fileID: 0}
  m_PrefabAsset: {fileID: 0}
  serializedVersion: 6
  m_Component:
  - component: {fileID: 4767104118686470}
  m_Layer: 0
  m_Name: LeftToe_End_end
  m_TagString: Untagged
  m_Icon: {fileID: 0}
  m_NavMeshLayer: 0
  m_StaticEditorFlags: 0
  m_IsActive: 1
--- !u!4 &4767104118686470
Transform:
  m_ObjectHideFlags: 0
  m_CorrespondingSourceObject: {fileID: 0}
  m_PrefabInstance: {fileID: 0}
  m_PrefabAsset: {fileID: 0}
  m_GameObject: {fileID: 1454715752875436}
  m_LocalRotation: {x: 0, y: -0, z: -0, w: 1}
  m_LocalPosition: {x: -0, y: 0.1487535, z: 0}
  m_LocalScale: {x: 1, y: 1, z: 1}
  m_Children: []
  m_Father: {fileID: 4817062607954700}
  m_RootOrder: 0
  m_LocalEulerAnglesHint: {x: 0, y: 0, z: 0}
--- !u!1 &1471734557645892
GameObject:
  m_ObjectHideFlags: 0
  m_CorrespondingSourceObject: {fileID: 0}
  m_PrefabInstance: {fileID: 0}
  m_PrefabAsset: {fileID: 0}
  serializedVersion: 6
  m_Component:
  - component: {fileID: 4091707107240216}
  - component: {fileID: 136109707202264554}
  - component: {fileID: 54634632129757920}
  - component: {fileID: 144136956682694674}
  m_Layer: 0
  m_Name: LeftLeg
  m_TagString: Untagged
  m_Icon: {fileID: 0}
  m_NavMeshLayer: 0
  m_StaticEditorFlags: 0
  m_IsActive: 1
--- !u!4 &4091707107240216
Transform:
  m_ObjectHideFlags: 0
  m_CorrespondingSourceObject: {fileID: 0}
  m_PrefabInstance: {fileID: 0}
  m_PrefabAsset: {fileID: 0}
  m_GameObject: {fileID: 1471734557645892}
  m_LocalRotation: {x: -0.021293286, y: 0.00004964133, z: -0.00398234, w: 0.99976534}
  m_LocalPosition: {x: -0.000000022574094, y: 0.9044665, z: 6.519258e-10}
  m_LocalScale: {x: 1, y: 0.9999999, z: 0.99999976}
  m_Children:
  - {fileID: 4085209609170066}
  m_Father: {fileID: 4645372153521696}
  m_RootOrder: 0
  m_LocalEulerAnglesHint: {x: -30.331161, y: 11.537273, z: -6.2081475}
--- !u!136 &136109707202264554
CapsuleCollider:
  m_ObjectHideFlags: 0
  m_CorrespondingSourceObject: {fileID: 0}
  m_PrefabInstance: {fileID: 0}
  m_PrefabAsset: {fileID: 0}
  m_GameObject: {fileID: 1471734557645892}
  m_Material: {fileID: 0}
  m_IsTrigger: 0
  m_Enabled: 1
  m_Radius: 0.25221226
  m_Height: 1.008849
  m_Direction: 1
  m_Center: {x: 0, y: 0.5044245, z: 0}
--- !u!54 &54634632129757920
Rigidbody:
  m_ObjectHideFlags: 0
  m_CorrespondingSourceObject: {fileID: 0}
  m_PrefabInstance: {fileID: 0}
  m_PrefabAsset: {fileID: 0}
  m_GameObject: {fileID: 1471734557645892}
  serializedVersion: 2
  m_Mass: 1.875
  m_Drag: 0
  m_AngularDrag: 0.05
  m_UseGravity: 1
  m_IsKinematic: 0
  m_Interpolate: 0
  m_Constraints: 0
  m_CollisionDetection: 0
--- !u!144 &144136956682694674
CharacterJoint:
  m_ObjectHideFlags: 0
  m_CorrespondingSourceObject: {fileID: 0}
  m_PrefabInstance: {fileID: 0}
  m_PrefabAsset: {fileID: 0}
  m_GameObject: {fileID: 1471734557645892}
  m_ConnectedBody: {fileID: 54482673169327260}
  m_Anchor: {x: 0, y: 0, z: 0}
  m_Axis: {x: -1, y: 0, z: 0}
  m_AutoConfigureConnectedAnchor: 1
  m_ConnectedAnchor: {x: -0.000000028406463, y: 0.90446633, z: 0}
  serializedVersion: 2
  m_SwingAxis: {x: 0, y: 0, z: 1}
  m_TwistLimitSpring:
    spring: 0
    damper: 0
  m_LowTwistLimit:
    limit: -80
    bounciness: 0
    contactDistance: 0
  m_HighTwistLimit:
    limit: 0
    bounciness: 0
    contactDistance: 0
  m_SwingLimitSpring:
    spring: 0
    damper: 0
  m_Swing1Limit:
    limit: 0
    bounciness: 0
    contactDistance: 0
  m_Swing2Limit:
    limit: 0
    bounciness: 0
    contactDistance: 0
  m_EnableProjection: 0
  m_ProjectionDistance: 0.1
  m_ProjectionAngle: 180
  m_BreakForce: Infinity
  m_BreakTorque: Infinity
  m_EnableCollision: 0
  m_EnablePreprocessing: 0
  m_MassScale: 1
  m_ConnectedMassScale: 1
--- !u!1 &1472346379889968
GameObject:
  m_ObjectHideFlags: 0
  m_CorrespondingSourceObject: {fileID: 0}
  m_PrefabInstance: {fileID: 0}
  m_PrefabAsset: {fileID: 0}
  serializedVersion: 6
  m_Component:
  - component: {fileID: 4787291019935036}
  m_Layer: 0
  m_Name: LeftToeBase
  m_TagString: Untagged
  m_Icon: {fileID: 0}
  m_NavMeshLayer: 0
  m_StaticEditorFlags: 0
  m_IsActive: 1
--- !u!4 &4787291019935036
Transform:
  m_ObjectHideFlags: 0
  m_CorrespondingSourceObject: {fileID: 0}
  m_PrefabInstance: {fileID: 0}
  m_PrefabAsset: {fileID: 0}
  m_GameObject: {fileID: 1472346379889968}
  m_LocalRotation: {x: 0.26383075, y: -0.03562082, z: 0.009750945, w: 0.96386176}
  m_LocalPosition: {x: 0.00000004418194, y: 0.38992077, z: -0.00000002503395}
  m_LocalScale: {x: 1.0000001, y: 0.99999994, z: 1}
  m_Children:
  - {fileID: 4817062607954700}
  m_Father: {fileID: 4085209609170066}
  m_RootOrder: 0
  m_LocalEulerAnglesHint: {x: 30.615026, y: -4.233013, z: -0.00001674098}
--- !u!1 &1501275610889122
GameObject:
  m_ObjectHideFlags: 0
  m_CorrespondingSourceObject: {fileID: 0}
  m_PrefabInstance: {fileID: 0}
  m_PrefabAsset: {fileID: 0}
  serializedVersion: 6
  m_Component:
  - component: {fileID: 4189063953165538}
  m_Layer: 0
  m_Name: RightHandIndex2
  m_TagString: Untagged
  m_Icon: {fileID: 0}
  m_NavMeshLayer: 0
  m_StaticEditorFlags: 0
  m_IsActive: 1
--- !u!4 &4189063953165538
Transform:
  m_ObjectHideFlags: 0
  m_CorrespondingSourceObject: {fileID: 0}
  m_PrefabInstance: {fileID: 0}
  m_PrefabAsset: {fileID: 0}
  m_GameObject: {fileID: 1501275610889122}
  m_LocalRotation: {x: 0.00000069507337, y: -0.00000022933989, z: 0.00008634842, w: 1}
  m_LocalPosition: {x: -0.000013321805, y: 0.094946094, z: -0.00000016055942}
  m_LocalScale: {x: 1, y: 0.9999998, z: 0.99999976}
  m_Children:
  - {fileID: 4559446779727990}
  m_Father: {fileID: 4604376645236048}
  m_RootOrder: 0
  m_LocalEulerAnglesHint: {x: 49.657623, y: -2.6027784, z: -5.6265655}
--- !u!1 &1504402894903404
GameObject:
  m_ObjectHideFlags: 0
  m_CorrespondingSourceObject: {fileID: 0}
  m_PrefabInstance: {fileID: 0}
  m_PrefabAsset: {fileID: 0}
  serializedVersion: 6
  m_Component:
  - component: {fileID: 4743646057808422}
  m_Layer: 0
  m_Name: LeftHandThumb2
  m_TagString: Untagged
  m_Icon: {fileID: 0}
  m_NavMeshLayer: 0
  m_StaticEditorFlags: 0
  m_IsActive: 1
--- !u!4 &4743646057808422
Transform:
  m_ObjectHideFlags: 0
  m_CorrespondingSourceObject: {fileID: 0}
  m_PrefabInstance: {fileID: 0}
  m_PrefabAsset: {fileID: 0}
  m_GameObject: {fileID: 1504402894903404}
  m_LocalRotation: {x: -0.00003831226, y: -0.00083785364, z: -0.09535424, w: 0.9954431}
  m_LocalPosition: {x: 0.010310635, y: 0.073061824, z: 0.000000023841856}
  m_LocalScale: {x: 0.99999994, y: 1, z: 0.9999999}
  m_Children:
  - {fileID: 4676191421738316}
  m_Father: {fileID: 4957977115109022}
  m_RootOrder: 0
  m_LocalEulerAnglesHint: {x: -10.301001, y: -6.9360003, z: 6.9530005}
--- !u!1 &1509804108669974
GameObject:
  m_ObjectHideFlags: 0
  m_CorrespondingSourceObject: {fileID: 0}
  m_PrefabInstance: {fileID: 0}
  m_PrefabAsset: {fileID: 0}
  serializedVersion: 6
  m_Component:
  - component: {fileID: 4223393415588264}
  m_Layer: 0
  m_Name: RightHandMiddle3
  m_TagString: Untagged
  m_Icon: {fileID: 0}
  m_NavMeshLayer: 0
  m_StaticEditorFlags: 0
  m_IsActive: 1
--- !u!4 &4223393415588264
Transform:
  m_ObjectHideFlags: 0
  m_CorrespondingSourceObject: {fileID: 0}
  m_PrefabInstance: {fileID: 0}
  m_PrefabAsset: {fileID: 0}
  m_GameObject: {fileID: 1509804108669974}
  m_LocalRotation: {x: -0.00000054026106, y: 0.0000070419123, z: 0.0010684283, w: 0.99999946}
  m_LocalPosition: {x: -0.00009812698, y: 0.10256478, z: 0.00000029366464}
  m_LocalScale: {x: 1, y: 0.99999994, z: 0.99999994}
  m_Children:
  - {fileID: 4609590080800996}
  m_Father: {fileID: 4697905301089508}
  m_RootOrder: 0
  m_LocalEulerAnglesHint: {x: 18.738419, y: -0.22961573, z: -1.3856306}
--- !u!1 &1510558947200328
GameObject:
  m_ObjectHideFlags: 0
  m_CorrespondingSourceObject: {fileID: 0}
  m_PrefabInstance: {fileID: 0}
  m_PrefabAsset: {fileID: 0}
  serializedVersion: 6
  m_Component:
  - component: {fileID: 4791501221828168}
  - component: {fileID: 137232983129281784}
  m_Layer: 0
  m_Name: Alpha_Surface
  m_TagString: Untagged
  m_Icon: {fileID: 0}
  m_NavMeshLayer: 0
  m_StaticEditorFlags: 0
  m_IsActive: 1
--- !u!4 &4791501221828168
Transform:
  m_ObjectHideFlags: 0
  m_CorrespondingSourceObject: {fileID: 0}
  m_PrefabInstance: {fileID: 0}
  m_PrefabAsset: {fileID: 0}
  m_GameObject: {fileID: 1510558947200328}
  m_LocalRotation: {x: 0.000000081460335, y: 7.589415e-19, z: -4.3368087e-19, w: 1}
  m_LocalPosition: {x: -0.000000007469207, y: -0.000000115558485, z: -0.00000002890827}
  m_LocalScale: {x: 1, y: 1, z: 0.9999999}
  m_Children: []
  m_Father: {fileID: 4229887670330596}
  m_RootOrder: 1
  m_LocalEulerAnglesHint: {x: 0, y: 0, z: 0}
--- !u!137 &137232983129281784
SkinnedMeshRenderer:
  m_ObjectHideFlags: 0
  m_CorrespondingSourceObject: {fileID: 0}
  m_PrefabInstance: {fileID: 0}
  m_PrefabAsset: {fileID: 0}
  m_GameObject: {fileID: 1510558947200328}
  m_Enabled: 1
  m_CastShadows: 1
  m_ReceiveShadows: 1
  m_DynamicOccludee: 1
  m_MotionVectors: 1
  m_LightProbeUsage: 1
  m_ReflectionProbeUsage: 1
  m_RenderingLayerMask: 1
  m_RendererPriority: 0
  m_Materials:
  - {fileID: 2100000, guid: f4c6dc8c3f1664367a47fd8d7394aa28, type: 2}
  m_StaticBatchInfo:
    firstSubMesh: 0
    subMeshCount: 0
  m_StaticBatchRoot: {fileID: 0}
  m_ProbeAnchor: {fileID: 0}
  m_LightProbeVolumeOverride: {fileID: 0}
  m_ScaleInLightmap: 1
  m_PreserveUVs: 0
  m_IgnoreNormalsForChartDetection: 0
  m_ImportantGI: 0
  m_StitchLightmapSeams: 0
  m_SelectedEditorRenderState: 3
  m_MinimumChartSize: 4
  m_AutoUVMaxDistance: 0.5
  m_AutoUVMaxAngle: 89
  m_LightmapParameters: {fileID: 0}
  m_SortingLayerID: 0
  m_SortingLayer: 0
  m_SortingOrder: 0
  serializedVersion: 2
  m_Quality: 0
  m_UpdateWhenOffscreen: 0
  m_SkinnedMotionVectors: 1
  m_Mesh: {fileID: 4300002, guid: eb51d72cd1db34b78b2ce0c7a29035b5, type: 3}
  m_Bones:
  - {fileID: 4900084937606060}
  - {fileID: 4868548572542654}
  - {fileID: 4671729375290812}
  - {fileID: 4537741575199656}
  - {fileID: 4674950879072468}
  - {fileID: 4873122457856928}
  - {fileID: 4140686567355518}
  - {fileID: 4614312770606244}
  - {fileID: 4559718643658364}
  - {fileID: 4639065636815270}
  - {fileID: 4214212712561404}
  - {fileID: 4957977115109022}
  - {fileID: 4743646057808422}
  - {fileID: 4676191421738316}
  - {fileID: 4252096123006164}
  - {fileID: 4478461222903236}
  - {fileID: 4544182336913684}
  - {fileID: 4601795637774152}
  - {fileID: 4090974971153606}
  - {fileID: 4009962752492364}
  - {fileID: 4092977224084424}
  - {fileID: 4303194157149542}
  - {fileID: 4357667557310150}
  - {fileID: 4991192081951072}
  - {fileID: 4764657692245168}
  - {fileID: 4897193479203020}
  - {fileID: 4244472748394438}
  - {fileID: 4102662373001188}
  - {fileID: 4867142104829998}
  - {fileID: 4923703187941060}
  - {fileID: 4280577195261510}
  - {fileID: 4624761735687992}
  - {fileID: 4673295869186434}
  - {fileID: 4317505074231292}
  - {fileID: 4713594701497828}
  - {fileID: 4604376645236048}
  - {fileID: 4189063953165538}
  - {fileID: 4559446779727990}
  - {fileID: 4897211806622744}
  - {fileID: 4759996461451236}
  - {fileID: 4697905301089508}
  - {fileID: 4223393415588264}
  - {fileID: 4609590080800996}
  - {fileID: 4843859768763112}
  - {fileID: 4892399448031290}
  - {fileID: 4681435863773360}
  - {fileID: 4756847759026514}
  - {fileID: 4645372153521696}
  - {fileID: 4091707107240216}
  - {fileID: 4085209609170066}
  - {fileID: 4787291019935036}
  - {fileID: 4817062607954700}
  - {fileID: 4991543832217308}
  - {fileID: 4642649242049622}
  - {fileID: 4639821784979810}
  - {fileID: 4898023448782210}
  - {fileID: 4746906622811342}
  m_BlendShapeWeights: []
  m_RootBone: {fileID: 4900084937606060}
  m_AABB:
    m_Center: {x: 0.0042529106, y: -0.33398998, z: 0.07790631}
    m_Extent: {x: 2.0043333, y: 1.9802386, z: 0.68770957}
  m_DirtyAABB: 0
--- !u!1 &1512232132764410
GameObject:
  m_ObjectHideFlags: 0
  m_CorrespondingSourceObject: {fileID: 0}
  m_PrefabInstance: {fileID: 0}
  m_PrefabAsset: {fileID: 0}
  serializedVersion: 6
  m_Component:
  - component: {fileID: 4624761735687992}
  m_Layer: 0
  m_Name: RightHandThumb1
  m_TagString: Untagged
  m_Icon: {fileID: 0}
  m_NavMeshLayer: 0
  m_StaticEditorFlags: 0
  m_IsActive: 1
--- !u!4 &4624761735687992
Transform:
  m_ObjectHideFlags: 0
  m_CorrespondingSourceObject: {fileID: 0}
  m_PrefabInstance: {fileID: 0}
  m_PrefabAsset: {fileID: 0}
  m_GameObject: {fileID: 1512232132764410}
  m_LocalRotation: {x: 0.19829093, y: 0.09363512, z: 0.19964756, w: 0.9550152}
  m_LocalPosition: {x: -0.058158115, y: 0.062323764, z: 0.041348014}
  m_LocalScale: {x: 1, y: 0.99999994, z: 0.9999999}
  m_Children:
  - {fileID: 4673295869186434}
  m_Father: {fileID: 4280577195261510}
  m_RootOrder: 3
  m_LocalEulerAnglesHint: {x: 49.381, y: 21.391, z: 26.243002}
--- !u!1 &1518200451903174
GameObject:
  m_ObjectHideFlags: 0
  m_CorrespondingSourceObject: {fileID: 0}
  m_PrefabInstance: {fileID: 0}
  m_PrefabAsset: {fileID: 0}
  serializedVersion: 6
  m_Component:
  - component: {fileID: 4007430512692164}
  m_Layer: 0
  m_Name: RightHandRing4_end
  m_TagString: Untagged
  m_Icon: {fileID: 0}
  m_NavMeshLayer: 0
  m_StaticEditorFlags: 0
  m_IsActive: 1
--- !u!4 &4007430512692164
Transform:
  m_ObjectHideFlags: 0
  m_CorrespondingSourceObject: {fileID: 0}
  m_PrefabInstance: {fileID: 0}
  m_PrefabAsset: {fileID: 0}
  m_GameObject: {fileID: 1518200451903174}
  m_LocalRotation: {x: 0, y: -0, z: -0, w: 1}
  m_LocalPosition: {x: -0, y: 0.058458254, z: 0}
  m_LocalScale: {x: 1, y: 1, z: 1}
  m_Children: []
  m_Father: {fileID: 4756847759026514}
  m_RootOrder: 0
  m_LocalEulerAnglesHint: {x: 0, y: 0, z: 0}
--- !u!1 &1538230700563274
GameObject:
  m_ObjectHideFlags: 0
  m_CorrespondingSourceObject: {fileID: 0}
  m_PrefabInstance: {fileID: 0}
  m_PrefabAsset: {fileID: 0}
  serializedVersion: 6
  m_Component:
  - component: {fileID: 4544182336913684}
  m_Layer: 0
  m_Name: LeftHandIndex2
  m_TagString: Untagged
  m_Icon: {fileID: 0}
  m_NavMeshLayer: 0
  m_StaticEditorFlags: 0
  m_IsActive: 1
--- !u!4 &4544182336913684
Transform:
  m_ObjectHideFlags: 0
  m_CorrespondingSourceObject: {fileID: 0}
  m_PrefabInstance: {fileID: 0}
  m_PrefabAsset: {fileID: 0}
  m_GameObject: {fileID: 1538230700563274}
  m_LocalRotation: {x: -0.00000027874097, y: -0.000002273052, z: 0.00009414021, w: 1}
  m_LocalPosition: {x: 0.000005763797, y: 0.0936578, z: -0.00000024366636}
  m_LocalScale: {x: 1, y: 0.9999999, z: 0.99999994}
  m_Children:
  - {fileID: 4601795637774152}
  m_Father: {fileID: 4478461222903236}
  m_RootOrder: 0
  m_LocalEulerAnglesHint: {x: 61.409157, y: 6.599238, z: 11.106054}
--- !u!1 &1543477821350820
GameObject:
  m_ObjectHideFlags: 0
  m_CorrespondingSourceObject: {fileID: 0}
  m_PrefabInstance: {fileID: 0}
  m_PrefabAsset: {fileID: 0}
  serializedVersion: 6
  m_Component:
  - component: {fileID: 4639065636815270}
  - component: {fileID: 136969717873300416}
  - component: {fileID: 54456511594445750}
  - component: {fileID: 144335758430003794}
  m_Layer: 0
  m_Name: LeftForeArm
  m_TagString: Untagged
  m_Icon: {fileID: 0}
  m_NavMeshLayer: 0
  m_StaticEditorFlags: 0
  m_IsActive: 1
--- !u!4 &4639065636815270
Transform:
  m_ObjectHideFlags: 0
  m_CorrespondingSourceObject: {fileID: 0}
  m_PrefabInstance: {fileID: 0}
  m_PrefabAsset: {fileID: 0}
  m_GameObject: {fileID: 1543477821350820}
  m_LocalRotation: {x: 0.00000046581448, y: 0.00028492903, z: -0.00000011142092, w: 1}
  m_LocalPosition: {x: 0.000000008793722, y: 0.5641415, z: -0.00000018079095}
  m_LocalScale: {x: 0.9999997, y: 1, z: 0.9999997}
  m_Children:
  - {fileID: 4214212712561404}
  m_Father: {fileID: 4559718643658364}
  m_RootOrder: 0
  m_LocalEulerAnglesHint: {x: 3.9804316, y: -4.9136233, z: -87.53011}
--- !u!136 &136969717873300416
CapsuleCollider:
  m_ObjectHideFlags: 0
  m_CorrespondingSourceObject: {fileID: 0}
  m_PrefabInstance: {fileID: 0}
  m_PrefabAsset: {fileID: 0}
  m_GameObject: {fileID: 1543477821350820}
  m_Material: {fileID: 0}
  m_IsTrigger: 0
  m_Enabled: 1
  m_Radius: 0.22062717
  m_Height: 1.1031358
  m_Direction: 1
  m_Center: {x: 0, y: 0.5515679, z: 0}
--- !u!54 &54456511594445750
Rigidbody:
  m_ObjectHideFlags: 0
  m_CorrespondingSourceObject: {fileID: 0}
  m_PrefabInstance: {fileID: 0}
  m_PrefabAsset: {fileID: 0}
  m_GameObject: {fileID: 1543477821350820}
  serializedVersion: 2
  m_Mass: 1.25
  m_Drag: 0
  m_AngularDrag: 0.05
  m_UseGravity: 1
  m_IsKinematic: 0
  m_Interpolate: 0
  m_Constraints: 0
  m_CollisionDetection: 0
--- !u!144 &144335758430003794
CharacterJoint:
  m_ObjectHideFlags: 0
  m_CorrespondingSourceObject: {fileID: 0}
  m_PrefabInstance: {fileID: 0}
  m_PrefabAsset: {fileID: 0}
  m_GameObject: {fileID: 1543477821350820}
  m_ConnectedBody: {fileID: 54248659410815406}
  m_Anchor: {x: 0, y: 0, z: 0}
  m_Axis: {x: 1, y: 0, z: 0}
  m_AutoConfigureConnectedAnchor: 1
  m_ConnectedAnchor: {x: 0.0000001527369, y: 0.5641418, z: -0.00000011920932}
  serializedVersion: 2
  m_SwingAxis: {x: 0, y: 0, z: -1}
  m_TwistLimitSpring:
    spring: 0
    damper: 0
  m_LowTwistLimit:
    limit: -90
    bounciness: 0
    contactDistance: 0
  m_HighTwistLimit:
    limit: 0
    bounciness: 0
    contactDistance: 0
  m_SwingLimitSpring:
    spring: 0
    damper: 0
  m_Swing1Limit:
    limit: 0
    bounciness: 0
    contactDistance: 0
  m_Swing2Limit:
    limit: 0
    bounciness: 0
    contactDistance: 0
  m_EnableProjection: 0
  m_ProjectionDistance: 0.1
  m_ProjectionAngle: 180
  m_BreakForce: Infinity
  m_BreakTorque: Infinity
  m_EnableCollision: 0
  m_EnablePreprocessing: 0
  m_MassScale: 1
  m_ConnectedMassScale: 1
--- !u!1 &1547480214955926
GameObject:
  m_ObjectHideFlags: 0
  m_CorrespondingSourceObject: {fileID: 0}
  m_PrefabInstance: {fileID: 0}
  m_PrefabAsset: {fileID: 0}
  serializedVersion: 6
  m_Component:
  - component: {fileID: 4867142104829998}
  - component: {fileID: 136827266471580002}
  - component: {fileID: 54076127636469350}
  - component: {fileID: 144815801780489566}
  m_Layer: 0
  m_Name: RightArm
  m_TagString: Untagged
  m_Icon: {fileID: 0}
  m_NavMeshLayer: 0
  m_StaticEditorFlags: 0
  m_IsActive: 1
--- !u!4 &4867142104829998
Transform:
  m_ObjectHideFlags: 0
  m_CorrespondingSourceObject: {fileID: 0}
  m_PrefabInstance: {fileID: 0}
  m_PrefabAsset: {fileID: 0}
  m_GameObject: {fileID: 1547480214955926}
  m_LocalRotation: {x: -0.12949197, y: 0.0019803485, z: 0.015844626, w: 0.9914519}
  m_LocalPosition: {x: -0.000000019073486, y: 0.2774173, z: -0.000000015497207}
  m_LocalScale: {x: 0.9999999, y: 0.9999999, z: 0.9999999}
  m_Children:
  - {fileID: 4923703187941060}
  m_Father: {fileID: 4102662373001188}
  m_RootOrder: 0
  m_LocalEulerAnglesHint: {x: 52.447483, y: 14.350317, z: 75.56971}
--- !u!136 &136827266471580002
CapsuleCollider:
  m_ObjectHideFlags: 0
  m_CorrespondingSourceObject: {fileID: 0}
  m_PrefabInstance: {fileID: 0}
  m_PrefabAsset: {fileID: 0}
  m_GameObject: {fileID: 1547480214955926}
  m_Material: {fileID: 0}
  m_IsTrigger: 0
  m_Enabled: 1
  m_Radius: 0.1410727
  m_Height: 0.5642908
  m_Direction: 1
  m_Center: {x: 0, y: 0.2821454, z: 0}
--- !u!54 &54076127636469350
Rigidbody:
  m_ObjectHideFlags: 0
  m_CorrespondingSourceObject: {fileID: 0}
  m_PrefabInstance: {fileID: 0}
  m_PrefabAsset: {fileID: 0}
  m_GameObject: {fileID: 1547480214955926}
  serializedVersion: 2
  m_Mass: 1.25
  m_Drag: 0
  m_AngularDrag: 0.05
  m_UseGravity: 1
  m_IsKinematic: 0
  m_Interpolate: 0
  m_Constraints: 0
  m_CollisionDetection: 0
--- !u!144 &144815801780489566
CharacterJoint:
  m_ObjectHideFlags: 0
  m_CorrespondingSourceObject: {fileID: 0}
  m_PrefabInstance: {fileID: 0}
  m_PrefabAsset: {fileID: 0}
  m_GameObject: {fileID: 1547480214955926}
  m_ConnectedBody: {fileID: 54598444661934446}
  m_Anchor: {x: 0, y: 0, z: 0}
  m_Axis: {x: 0, y: 0, z: -1}
  m_AutoConfigureConnectedAnchor: 1
  m_ConnectedAnchor: {x: 0.38917208, y: 0.48939633, z: -0.07112939}
  serializedVersion: 2
  m_SwingAxis: {x: -1, y: 0, z: 0}
  m_TwistLimitSpring:
    spring: 0
    damper: 0
  m_LowTwistLimit:
    limit: -70
    bounciness: 0
    contactDistance: 0
  m_HighTwistLimit:
    limit: 10
    bounciness: 0
    contactDistance: 0
  m_SwingLimitSpring:
    spring: 0
    damper: 0
  m_Swing1Limit:
    limit: 50
    bounciness: 0
    contactDistance: 0
  m_Swing2Limit:
    limit: 0
    bounciness: 0
    contactDistance: 0
  m_EnableProjection: 0
  m_ProjectionDistance: 0.1
  m_ProjectionAngle: 180
  m_BreakForce: Infinity
  m_BreakTorque: Infinity
  m_EnableCollision: 0
  m_EnablePreprocessing: 0
  m_MassScale: 1
  m_ConnectedMassScale: 1
--- !u!1 &1576167214601692
GameObject:
  m_ObjectHideFlags: 0
  m_CorrespondingSourceObject: {fileID: 0}
  m_PrefabInstance: {fileID: 0}
  m_PrefabAsset: {fileID: 0}
  serializedVersion: 6
  m_Component:
  - component: {fileID: 4923703187941060}
  - component: {fileID: 136473972095847784}
  - component: {fileID: 54722593135494882}
  - component: {fileID: 144238025901636592}
  m_Layer: 0
  m_Name: RightForeArm
  m_TagString: Untagged
  m_Icon: {fileID: 0}
  m_NavMeshLayer: 0
  m_StaticEditorFlags: 0
  m_IsActive: 1
--- !u!4 &4923703187941060
Transform:
  m_ObjectHideFlags: 0
  m_CorrespondingSourceObject: {fileID: 0}
  m_PrefabInstance: {fileID: 0}
  m_PrefabAsset: {fileID: 0}
  m_GameObject: {fileID: 1576167214601692}
  m_LocalRotation: {x: -0.00000011983389, y: -0.0007454831, z: -0.00000000814023,
    w: 0.99999976}
  m_LocalPosition: {x: 0.000000006551054, y: 0.56429076, z: -0.00000013512908}
  m_LocalScale: {x: 0.9999999, y: 0.99999994, z: 0.9999997}
  m_Children:
  - {fileID: 4280577195261510}
  m_Father: {fileID: 4867142104829998}
  m_RootOrder: 0
  m_LocalEulerAnglesHint: {x: -1.5228558, y: 1.0871897, z: 38.019753}
--- !u!136 &136473972095847784
CapsuleCollider:
  m_ObjectHideFlags: 0
  m_CorrespondingSourceObject: {fileID: 0}
  m_PrefabInstance: {fileID: 0}
  m_PrefabAsset: {fileID: 0}
  m_GameObject: {fileID: 1576167214601692}
  m_Material: {fileID: 0}
  m_IsTrigger: 0
  m_Enabled: 1
  m_Radius: 0.22224994
  m_Height: 1.1112497
  m_Direction: 1
  m_Center: {x: 0, y: 0.55562484, z: 0}
--- !u!54 &54722593135494882
Rigidbody:
  m_ObjectHideFlags: 0
  m_CorrespondingSourceObject: {fileID: 0}
  m_PrefabInstance: {fileID: 0}
  m_PrefabAsset: {fileID: 0}
  m_GameObject: {fileID: 1576167214601692}
  serializedVersion: 2
  m_Mass: 1.25
  m_Drag: 0
  m_AngularDrag: 0.05
  m_UseGravity: 1
  m_IsKinematic: 0
  m_Interpolate: 0
  m_Constraints: 0
  m_CollisionDetection: 0
--- !u!144 &144238025901636592
CharacterJoint:
  m_ObjectHideFlags: 0
  m_CorrespondingSourceObject: {fileID: 0}
  m_PrefabInstance: {fileID: 0}
  m_PrefabAsset: {fileID: 0}
  m_GameObject: {fileID: 1576167214601692}
  m_ConnectedBody: {fileID: 54076127636469350}
  m_Anchor: {x: 0, y: 0, z: 0}
  m_Axis: {x: -1, y: 0, z: 0}
  m_AutoConfigureConnectedAnchor: 1
  m_ConnectedAnchor: {x: -0.000000013038518, y: 0.56429076, z: -0.00000010430814}
  serializedVersion: 2
  m_SwingAxis: {x: 0, y: 0, z: -1}
  m_TwistLimitSpring:
    spring: 0
    damper: 0
  m_LowTwistLimit:
    limit: -90
    bounciness: 0
    contactDistance: 0
  m_HighTwistLimit:
    limit: 0
    bounciness: 0
    contactDistance: 0
  m_SwingLimitSpring:
    spring: 0
    damper: 0
  m_Swing1Limit:
    limit: 0
    bounciness: 0
    contactDistance: 0
  m_Swing2Limit:
    limit: 0
    bounciness: 0
    contactDistance: 0
  m_EnableProjection: 0
  m_ProjectionDistance: 0.1
  m_ProjectionAngle: 180
  m_BreakForce: Infinity
  m_BreakTorque: Infinity
  m_EnableCollision: 0
  m_EnablePreprocessing: 0
  m_MassScale: 1
  m_ConnectedMassScale: 1
--- !u!1 &1612653413423180
GameObject:
  m_ObjectHideFlags: 0
  m_CorrespondingSourceObject: {fileID: 0}
  m_PrefabInstance: {fileID: 0}
  m_PrefabAsset: {fileID: 0}
  serializedVersion: 6
  m_Component:
  - component: {fileID: 4224681557559798}
  - component: {fileID: 137677495697869476}
  m_Layer: 0
  m_Name: Alpha_Joints
  m_TagString: Untagged
  m_Icon: {fileID: 0}
  m_NavMeshLayer: 0
  m_StaticEditorFlags: 0
  m_IsActive: 1
--- !u!4 &4224681557559798
Transform:
  m_ObjectHideFlags: 0
  m_CorrespondingSourceObject: {fileID: 0}
  m_PrefabInstance: {fileID: 0}
  m_PrefabAsset: {fileID: 0}
  m_GameObject: {fileID: 1612653413423180}
  m_LocalRotation: {x: 0.000000081460335, y: 7.589415e-19, z: -4.3368087e-19, w: 1}
  m_LocalPosition: {x: -0.000000007469207, y: -0.000000115558485, z: -0.00000002890827}
  m_LocalScale: {x: 1, y: 1, z: 0.9999999}
  m_Children: []
  m_Father: {fileID: 4229887670330596}
  m_RootOrder: 0
  m_LocalEulerAnglesHint: {x: 0, y: 0, z: 0}
--- !u!137 &137677495697869476
SkinnedMeshRenderer:
  m_ObjectHideFlags: 0
  m_CorrespondingSourceObject: {fileID: 0}
  m_PrefabInstance: {fileID: 0}
  m_PrefabAsset: {fileID: 0}
  m_GameObject: {fileID: 1612653413423180}
  m_Enabled: 1
  m_CastShadows: 1
  m_ReceiveShadows: 1
  m_DynamicOccludee: 1
  m_MotionVectors: 1
  m_LightProbeUsage: 1
  m_ReflectionProbeUsage: 1
  m_RenderingLayerMask: 1
  m_RendererPriority: 0
  m_Materials:
  - {fileID: 2100000, guid: 53bce739768f3448185ca7fc8460efc2, type: 2}
  m_StaticBatchInfo:
    firstSubMesh: 0
    subMeshCount: 0
  m_StaticBatchRoot: {fileID: 0}
  m_ProbeAnchor: {fileID: 0}
  m_LightProbeVolumeOverride: {fileID: 0}
  m_ScaleInLightmap: 1
  m_PreserveUVs: 0
  m_IgnoreNormalsForChartDetection: 0
  m_ImportantGI: 0
  m_StitchLightmapSeams: 0
  m_SelectedEditorRenderState: 3
  m_MinimumChartSize: 4
  m_AutoUVMaxDistance: 0.5
  m_AutoUVMaxAngle: 89
  m_LightmapParameters: {fileID: 0}
  m_SortingLayerID: 0
  m_SortingLayer: 0
  m_SortingOrder: 0
  serializedVersion: 2
  m_Quality: 0
  m_UpdateWhenOffscreen: 0
  m_SkinnedMotionVectors: 1
  m_Mesh: {fileID: 4300000, guid: eb51d72cd1db34b78b2ce0c7a29035b5, type: 3}
  m_Bones:
  - {fileID: 4900084937606060}
  - {fileID: 4868548572542654}
  - {fileID: 4671729375290812}
  - {fileID: 4537741575199656}
  - {fileID: 4674950879072468}
  - {fileID: 4873122457856928}
  - {fileID: 4140686567355518}
  - {fileID: 4614312770606244}
  - {fileID: 4559718643658364}
  - {fileID: 4639065636815270}
  - {fileID: 4214212712561404}
  - {fileID: 4957977115109022}
  - {fileID: 4743646057808422}
  - {fileID: 4676191421738316}
  - {fileID: 4252096123006164}
  - {fileID: 4478461222903236}
  - {fileID: 4544182336913684}
  - {fileID: 4601795637774152}
  - {fileID: 4090974971153606}
  - {fileID: 4009962752492364}
  - {fileID: 4092977224084424}
  - {fileID: 4303194157149542}
  - {fileID: 4357667557310150}
  - {fileID: 4991192081951072}
  - {fileID: 4764657692245168}
  - {fileID: 4897193479203020}
  - {fileID: 4244472748394438}
  - {fileID: 4102662373001188}
  - {fileID: 4867142104829998}
  - {fileID: 4923703187941060}
  - {fileID: 4280577195261510}
  - {fileID: 4624761735687992}
  - {fileID: 4673295869186434}
  - {fileID: 4317505074231292}
  - {fileID: 4713594701497828}
  - {fileID: 4604376645236048}
  - {fileID: 4189063953165538}
  - {fileID: 4559446779727990}
  - {fileID: 4897211806622744}
  - {fileID: 4759996461451236}
  - {fileID: 4697905301089508}
  - {fileID: 4223393415588264}
  - {fileID: 4609590080800996}
  - {fileID: 4843859768763112}
  - {fileID: 4892399448031290}
  - {fileID: 4681435863773360}
  - {fileID: 4756847759026514}
  - {fileID: 4645372153521696}
  - {fileID: 4091707107240216}
  - {fileID: 4085209609170066}
  - {fileID: 4787291019935036}
  - {fileID: 4817062607954700}
  - {fileID: 4991543832217308}
  - {fileID: 4642649242049622}
  - {fileID: 4639821784979810}
  - {fileID: 4898023448782210}
  - {fileID: 4746906622811342}
  m_BlendShapeWeights: []
  m_RootBone: {fileID: 4900084937606060}
  m_AABB:
    m_Center: {x: 0.004851401, y: -0.44018024, z: 0.105385125}
    m_Extent: {x: 1.947356, y: 1.6945698, z: 0.53073066}
  m_DirtyAABB: 0
--- !u!1 &1622831094290866
GameObject:
  m_ObjectHideFlags: 0
  m_CorrespondingSourceObject: {fileID: 0}
  m_PrefabInstance: {fileID: 0}
  m_PrefabAsset: {fileID: 0}
  serializedVersion: 6
  m_Component:
  - component: {fileID: 4900084937606060}
  - component: {fileID: 65307180587435852}
  - component: {fileID: 54947946160419318}
  m_Layer: 0
  m_Name: Hips
  m_TagString: Untagged
  m_Icon: {fileID: 0}
  m_NavMeshLayer: 0
  m_StaticEditorFlags: 0
  m_IsActive: 1
--- !u!4 &4900084937606060
Transform:
  m_ObjectHideFlags: 0
  m_CorrespondingSourceObject: {fileID: 0}
  m_PrefabInstance: {fileID: 0}
  m_PrefabAsset: {fileID: 0}
  m_GameObject: {fileID: 1622831094290866}
  m_LocalRotation: {x: 0, y: 0, z: 0, w: 1}
  m_LocalPosition: {x: -0.000003072023, y: 2.063768, z: 0.003060021}
  m_LocalScale: {x: 1, y: 1, z: 1}
  m_Children:
  - {fileID: 4645372153521696}
  - {fileID: 4991543832217308}
  - {fileID: 4868548572542654}
  m_Father: {fileID: 4021277817267082}
  m_RootOrder: 0
  m_LocalEulerAnglesHint: {x: 0, y: 0, z: 0}
--- !u!65 &65307180587435852
BoxCollider:
  m_ObjectHideFlags: 0
  m_CorrespondingSourceObject: {fileID: 0}
  m_PrefabInstance: {fileID: 0}
  m_PrefabAsset: {fileID: 0}
  m_GameObject: {fileID: 1622831094290866}
  m_Material: {fileID: 0}
  m_IsTrigger: 0
  m_Enabled: 1
  serializedVersion: 2
  m_Size: {x: 0.77834296, y: 0.5676216, z: 0.5277078}
  m_Center: {x: 0.000011384487, y: 0.16783538, z: -0.095582366}
--- !u!54 &54947946160419318
Rigidbody:
  m_ObjectHideFlags: 0
  m_CorrespondingSourceObject: {fileID: 0}
  m_PrefabInstance: {fileID: 0}
  m_PrefabAsset: {fileID: 0}
  m_GameObject: {fileID: 1622831094290866}
  serializedVersion: 2
  m_Mass: 3.125
  m_Drag: 0
  m_AngularDrag: 0.05
  m_UseGravity: 1
  m_IsKinematic: 0
  m_Interpolate: 0
  m_Constraints: 0
  m_CollisionDetection: 0
--- !u!1 &1623247493073934
GameObject:
  m_ObjectHideFlags: 0
  m_CorrespondingSourceObject: {fileID: 0}
  m_PrefabInstance: {fileID: 0}
  m_PrefabAsset: {fileID: 0}
  serializedVersion: 6
  m_Component:
  - component: {fileID: 4009962752492364}
  m_Layer: 0
  m_Name: LeftHandMiddle1
  m_TagString: Untagged
  m_Icon: {fileID: 0}
  m_NavMeshLayer: 0
  m_StaticEditorFlags: 0
  m_IsActive: 1
--- !u!4 &4009962752492364
Transform:
  m_ObjectHideFlags: 0
  m_CorrespondingSourceObject: {fileID: 0}
  m_PrefabInstance: {fileID: 0}
  m_PrefabAsset: {fileID: 0}
  m_GameObject: {fileID: 1623247493073934}
  m_LocalRotation: {x: -0.010757128, y: -0.0005086921, z: 0.0113468375, w: 0.99987763}
  m_LocalPosition: {x: -0.0043312395, y: 0.19057909, z: -0.0041030217}
  m_LocalScale: {x: 1, y: 0.9999997, z: 0.99999976}
  m_Children:
  - {fileID: 4092977224084424}
  m_Father: {fileID: 4214212712561404}
  m_RootOrder: 1
  m_LocalEulerAnglesHint: {x: 40.102287, y: 4.9740157, z: 3.991711}
--- !u!1 &1630104923632938
GameObject:
  m_ObjectHideFlags: 0
  m_CorrespondingSourceObject: {fileID: 0}
  m_PrefabInstance: {fileID: 0}
  m_PrefabAsset: {fileID: 0}
  serializedVersion: 6
  m_Component:
  - component: {fileID: 4303194157149542}
  m_Layer: 0
  m_Name: LeftHandMiddle3
  m_TagString: Untagged
  m_Icon: {fileID: 0}
  m_NavMeshLayer: 0
  m_StaticEditorFlags: 0
  m_IsActive: 1
--- !u!4 &4303194157149542
Transform:
  m_ObjectHideFlags: 0
  m_CorrespondingSourceObject: {fileID: 0}
  m_PrefabInstance: {fileID: 0}
  m_PrefabAsset: {fileID: 0}
  m_GameObject: {fileID: 1630104923632938}
  m_LocalRotation: {x: 0.00000005748971, y: 0.00000006893626, z: -0.000113208866,
    w: 1}
  m_LocalPosition: {x: 0.000011408105, y: 0.10419537, z: 0.00000042425188}
  m_LocalScale: {x: 1.0000001, y: 1, z: 0.99999994}
  m_Children:
  - {fileID: 4357667557310150}
  m_Father: {fileID: 4092977224084424}
  m_RootOrder: 0
  m_LocalEulerAnglesHint: {x: 39.12066, y: 1.7272822, z: 4.8590407}
--- !u!1 &1638155249030406
GameObject:
  m_ObjectHideFlags: 0
  m_CorrespondingSourceObject: {fileID: 0}
  m_PrefabInstance: {fileID: 0}
  m_PrefabAsset: {fileID: 0}
  serializedVersion: 6
  m_Component:
  - component: {fileID: 4021277817267082}
  m_Layer: 0
  m_Name: Armature
  m_TagString: Untagged
  m_Icon: {fileID: 0}
  m_NavMeshLayer: 0
  m_StaticEditorFlags: 0
  m_IsActive: 1
--- !u!4 &4021277817267082
Transform:
  m_ObjectHideFlags: 0
  m_CorrespondingSourceObject: {fileID: 0}
  m_PrefabInstance: {fileID: 0}
  m_PrefabAsset: {fileID: 0}
  m_GameObject: {fileID: 1638155249030406}
  m_LocalRotation: {x: 0, y: 0, z: 0, w: 1}
  m_LocalPosition: {x: 0, y: 0, z: 0}
  m_LocalScale: {x: 1, y: 1, z: 1}
  m_Children:
  - {fileID: 4900084937606060}
  m_Father: {fileID: 4229887670330596}
  m_RootOrder: 2
  m_LocalEulerAnglesHint: {x: 0, y: 0, z: 0}
--- !u!1 &1639862747844388
GameObject:
  m_ObjectHideFlags: 0
  m_CorrespondingSourceObject: {fileID: 0}
  m_PrefabInstance: {fileID: 0}
  m_PrefabAsset: {fileID: 0}
  serializedVersion: 6
  m_Component:
  - component: {fileID: 4244472748394438}
  m_Layer: 0
  m_Name: LeftHandRing4
  m_TagString: Untagged
  m_Icon: {fileID: 0}
  m_NavMeshLayer: 0
  m_StaticEditorFlags: 0
  m_IsActive: 1
--- !u!4 &4244472748394438
Transform:
  m_ObjectHideFlags: 0
  m_CorrespondingSourceObject: {fileID: 0}
  m_PrefabInstance: {fileID: 0}
  m_PrefabAsset: {fileID: 0}
  m_GameObject: {fileID: 1639862747844388}
  m_LocalRotation: {x: 0.000000017754397, y: 1.270468e-10, z: -0.000000005493783,
    w: 1}
  m_LocalPosition: {x: -0.000043571144, y: 0.061660126, z: -0.00000008063478}
  m_LocalScale: {x: 0.9999999, y: 0.9999999, z: 0.9999999}
  m_Children:
  - {fileID: 4790361806201796}
  m_Father: {fileID: 4897193479203020}
  m_RootOrder: 0
  m_LocalEulerAnglesHint: {x: -3.1805545e-15, y: -1.1927079e-15, z: 3.9756931e-16}
--- !u!1 &1664598599891262
GameObject:
  m_ObjectHideFlags: 0
  m_CorrespondingSourceObject: {fileID: 0}
  m_PrefabInstance: {fileID: 0}
  m_PrefabAsset: {fileID: 0}
  serializedVersion: 6
  m_Component:
  - component: {fileID: 4790361806201796}
  m_Layer: 0
  m_Name: LeftHandRing4_end
  m_TagString: Untagged
  m_Icon: {fileID: 0}
  m_NavMeshLayer: 0
  m_StaticEditorFlags: 0
  m_IsActive: 1
--- !u!4 &4790361806201796
Transform:
  m_ObjectHideFlags: 0
  m_CorrespondingSourceObject: {fileID: 0}
  m_PrefabInstance: {fileID: 0}
  m_PrefabAsset: {fileID: 0}
  m_GameObject: {fileID: 1664598599891262}
  m_LocalRotation: {x: 0, y: -0, z: -0, w: 1}
  m_LocalPosition: {x: -0, y: 0.061660215, z: 0}
  m_LocalScale: {x: 1, y: 1, z: 1}
  m_Children: []
  m_Father: {fileID: 4244472748394438}
  m_RootOrder: 0
  m_LocalEulerAnglesHint: {x: 0, y: 0, z: 0}
--- !u!1 &1671696902282900
GameObject:
  m_ObjectHideFlags: 0
  m_CorrespondingSourceObject: {fileID: 0}
  m_PrefabInstance: {fileID: 0}
  m_PrefabAsset: {fileID: 0}
  serializedVersion: 6
  m_Component:
  - component: {fileID: 4991543832217308}
  - component: {fileID: 136414531775067474}
  - component: {fileID: 54188955609331094}
  - component: {fileID: 144945877841912846}
  m_Layer: 0
  m_Name: RightUpLeg
  m_TagString: Untagged
  m_Icon: {fileID: 0}
  m_NavMeshLayer: 0
  m_StaticEditorFlags: 0
  m_IsActive: 1
--- !u!4 &4991543832217308
Transform:
  m_ObjectHideFlags: 0
  m_CorrespondingSourceObject: {fileID: 0}
  m_PrefabInstance: {fileID: 0}
  m_PrefabAsset: {fileID: 0}
  m_GameObject: {fileID: 1671696902282900}
  m_LocalRotation: {x: 0.0005940326, y: -0.008277081, z: 0.9999638, w: 0.001876402}
  m_LocalPosition: {x: 0.22589296, y: -0.1159754, z: -0.003894551}
  m_LocalScale: {x: 1.0000209, y: 1.0000004, z: 1.0000445}
  m_Children:
  - {fileID: 4642649242049622}
  m_Father: {fileID: 4900084937606060}
  m_RootOrder: 1
  m_LocalEulerAnglesHint: {x: -11.218962, y: 14.110695, z: -172.83435}
--- !u!136 &136414531775067474
CapsuleCollider:
  m_ObjectHideFlags: 0
  m_CorrespondingSourceObject: {fileID: 0}
  m_PrefabInstance: {fileID: 0}
  m_PrefabAsset: {fileID: 0}
  m_GameObject: {fileID: 1671696902282900}
  m_Material: {fileID: 0}
  m_IsTrigger: 0
  m_Enabled: 1
  m_Radius: 0.27143857
  m_Height: 0.90479517
  m_Direction: 1
  m_Center: {x: 0, y: 0.45239758, z: 0}
--- !u!54 &54188955609331094
Rigidbody:
  m_ObjectHideFlags: 0
  m_CorrespondingSourceObject: {fileID: 0}
  m_PrefabInstance: {fileID: 0}
  m_PrefabAsset: {fileID: 0}
  m_GameObject: {fileID: 1671696902282900}
  serializedVersion: 2
  m_Mass: 1.875
  m_Drag: 0
  m_AngularDrag: 0.05
  m_UseGravity: 1
  m_IsKinematic: 0
  m_Interpolate: 0
  m_Constraints: 0
  m_CollisionDetection: 0
--- !u!144 &144945877841912846
CharacterJoint:
  m_ObjectHideFlags: 0
  m_CorrespondingSourceObject: {fileID: 0}
  m_PrefabInstance: {fileID: 0}
  m_PrefabAsset: {fileID: 0}
  m_GameObject: {fileID: 1671696902282900}
  m_ConnectedBody: {fileID: 54947946160419318}
  m_Anchor: {x: 0, y: 0, z: 0}
  m_Axis: {x: -1, y: 0, z: 0}
  m_AutoConfigureConnectedAnchor: 1
  m_ConnectedAnchor: {x: 0.22589296, y: -0.1159754, z: -0.003894551}
  serializedVersion: 2
  m_SwingAxis: {x: 0, y: 0, z: 1}
  m_TwistLimitSpring:
    spring: 0
    damper: 0
  m_LowTwistLimit:
    limit: -20
    bounciness: 0
    contactDistance: 0
  m_HighTwistLimit:
    limit: 70
    bounciness: 0
    contactDistance: 0
  m_SwingLimitSpring:
    spring: 0
    damper: 0
  m_Swing1Limit:
    limit: 30
    bounciness: 0
    contactDistance: 0
  m_Swing2Limit:
    limit: 0
    bounciness: 0
    contactDistance: 0
  m_EnableProjection: 0
  m_ProjectionDistance: 0.1
  m_ProjectionAngle: 180
  m_BreakForce: Infinity
  m_BreakTorque: Infinity
  m_EnableCollision: 0
  m_EnablePreprocessing: 0
  m_MassScale: 1
  m_ConnectedMassScale: 1
--- !u!1 &1698349108086570
GameObject:
  m_ObjectHideFlags: 0
  m_CorrespondingSourceObject: {fileID: 0}
  m_PrefabInstance: {fileID: 0}
  m_PrefabAsset: {fileID: 0}
  serializedVersion: 6
  m_Component:
  - component: {fileID: 4671729375290812}
  - component: {fileID: 65258348795124622}
  - component: {fileID: 54598444661934446}
  - component: {fileID: 144022531175444618}
  m_Layer: 0
  m_Name: Spine1
  m_TagString: Untagged
  m_Icon: {fileID: 0}
  m_NavMeshLayer: 0
  m_StaticEditorFlags: 0
  m_IsActive: 1
--- !u!4 &4671729375290812
Transform:
  m_ObjectHideFlags: 0
  m_CorrespondingSourceObject: {fileID: 0}
  m_PrefabInstance: {fileID: 0}
  m_PrefabAsset: {fileID: 0}
  m_GameObject: {fileID: 1698349108086570}
  m_LocalRotation: {x: 0.00000013038516, y: -1.2937654e-13, z: 5.933134e-11, w: 1}
  m_LocalPosition: {x: -1.7483562e-13, y: 0.2452003, z: -0.000000023841856}
  m_LocalScale: {x: 1, y: 1, z: 1}
  m_Children:
  - {fileID: 4537741575199656}
  m_Father: {fileID: 4868548572542654}
  m_RootOrder: 0
  m_LocalEulerAnglesHint: {x: 2.6070926, y: -7.873617, z: -0.96628666}
--- !u!65 &65258348795124622
BoxCollider:
  m_ObjectHideFlags: 0
  m_CorrespondingSourceObject: {fileID: 0}
  m_PrefabInstance: {fileID: 0}
  m_PrefabAsset: {fileID: 0}
  m_GameObject: {fileID: 1698349108086570}
  m_Material: {fileID: 0}
  m_IsTrigger: 0
  m_Enabled: 1
  serializedVersion: 2
  m_Size: {x: 0.7783432, y: 0.48939642, z: 0.52964735}
  m_Center: {x: 0.00000044703484, y: 0.24469824, z: -0.013860345}
--- !u!54 &54598444661934446
Rigidbody:
  m_ObjectHideFlags: 0
  m_CorrespondingSourceObject: {fileID: 0}
  m_PrefabInstance: {fileID: 0}
  m_PrefabAsset: {fileID: 0}
  m_GameObject: {fileID: 1698349108086570}
  serializedVersion: 2
  m_Mass: 3.125
  m_Drag: 0
  m_AngularDrag: 0.05
  m_UseGravity: 1
  m_IsKinematic: 0
  m_Interpolate: 0
  m_Constraints: 0
  m_CollisionDetection: 0
--- !u!144 &144022531175444618
CharacterJoint:
  m_ObjectHideFlags: 0
  m_CorrespondingSourceObject: {fileID: 0}
  m_PrefabInstance: {fileID: 0}
  m_PrefabAsset: {fileID: 0}
  m_GameObject: {fileID: 1698349108086570}
  m_ConnectedBody: {fileID: 54947946160419318}
  m_Anchor: {x: 0, y: 0, z: 0}
  m_Axis: {x: 1, y: 0, z: 0}
  m_AutoConfigureConnectedAnchor: 1
  m_ConnectedAnchor: {x: 0.0000036654806, y: 0.4516462, z: -0.058136474}
  serializedVersion: 2
  m_SwingAxis: {x: 0, y: 0, z: 1}
  m_TwistLimitSpring:
    spring: 0
    damper: 0
  m_LowTwistLimit:
    limit: -20
    bounciness: 0
    contactDistance: 0
  m_HighTwistLimit:
    limit: 20
    bounciness: 0
    contactDistance: 0
  m_SwingLimitSpring:
    spring: 0
    damper: 0
  m_Swing1Limit:
    limit: 10
    bounciness: 0
    contactDistance: 0
  m_Swing2Limit:
    limit: 0
    bounciness: 0
    contactDistance: 0
  m_EnableProjection: 0
  m_ProjectionDistance: 0.1
  m_ProjectionAngle: 180
  m_BreakForce: Infinity
  m_BreakTorque: Infinity
  m_EnableCollision: 0
  m_EnablePreprocessing: 0
  m_MassScale: 1
  m_ConnectedMassScale: 1
--- !u!1 &1704501714421114
GameObject:
  m_ObjectHideFlags: 0
  m_CorrespondingSourceObject: {fileID: 0}
  m_PrefabInstance: {fileID: 0}
  m_PrefabAsset: {fileID: 0}
  serializedVersion: 6
  m_Component:
  - component: {fileID: 4868548572542654}
  m_Layer: 0
  m_Name: Spine
  m_TagString: Untagged
  m_Icon: {fileID: 0}
  m_NavMeshLayer: 0
  m_StaticEditorFlags: 0
  m_IsActive: 1
--- !u!4 &4868548572542654
Transform:
  m_ObjectHideFlags: 0
  m_CorrespondingSourceObject: {fileID: 0}
  m_PrefabInstance: {fileID: 0}
  m_PrefabAsset: {fileID: 0}
  m_GameObject: {fileID: 1704501714421114}
  m_LocalRotation: {x: -0.06396494, y: 0.00000077316486, z: -0.000007539362, w: 0.99795216}
  m_LocalPosition: {x: -2.279421e-12, y: 0.2084524, z: -0.026832242}
  m_LocalScale: {x: 1, y: 1, z: 0.99999994}
  m_Children:
  - {fileID: 4671729375290812}
  m_Father: {fileID: 4900084937606060}
  m_RootOrder: 2
  m_LocalEulerAnglesHint: {x: -3.456, y: 15.591001, z: -4.178}
--- !u!1 &1709213209491512
GameObject:
  m_ObjectHideFlags: 0
  m_CorrespondingSourceObject: {fileID: 0}
  m_PrefabInstance: {fileID: 0}
  m_PrefabAsset: {fileID: 0}
  serializedVersion: 6
  m_Component:
  - component: {fileID: 4601795637774152}
  m_Layer: 0
  m_Name: LeftHandIndex3
  m_TagString: Untagged
  m_Icon: {fileID: 0}
  m_NavMeshLayer: 0
  m_StaticEditorFlags: 0
  m_IsActive: 1
--- !u!4 &4601795637774152
Transform:
  m_ObjectHideFlags: 0
  m_CorrespondingSourceObject: {fileID: 0}
  m_PrefabInstance: {fileID: 0}
  m_PrefabAsset: {fileID: 0}
  m_GameObject: {fileID: 1709213209491512}
  m_LocalRotation: {x: 0.0000005062105, y: -0.0000026376679, z: -0.00029704493, w: 1}
  m_LocalPosition: {x: 0.000020759217, y: 0.08663208, z: -0.0000001399836}
  m_LocalScale: {x: 1, y: 0.99999994, z: 1}
  m_Children:
  - {fileID: 4090974971153606}
  m_Father: {fileID: 4544182336913684}
  m_RootOrder: 0
  m_LocalEulerAnglesHint: {x: 23.885046, y: 0.55708385, z: 2.6272867}
--- !u!1 &1728139968905822
GameObject:
  m_ObjectHideFlags: 0
  m_CorrespondingSourceObject: {fileID: 0}
  m_PrefabInstance: {fileID: 0}
  m_PrefabAsset: {fileID: 0}
  serializedVersion: 6
  m_Component:
  - component: {fileID: 4229887670330596}
  - component: {fileID: 114194099827640898}
  m_Layer: 0
  m_Name: Blue Character Ragdoll
  m_TagString: Untagged
  m_Icon: {fileID: 0}
  m_NavMeshLayer: 0
  m_StaticEditorFlags: 0
  m_IsActive: 1
--- !u!4 &4229887670330596
Transform:
  m_ObjectHideFlags: 0
  m_CorrespondingSourceObject: {fileID: 0}
  m_PrefabInstance: {fileID: 0}
  m_PrefabAsset: {fileID: 0}
  m_GameObject: {fileID: 1728139968905822}
  m_LocalRotation: {x: 0, y: 0, z: 0, w: 1}
  m_LocalPosition: {x: 2.6869426, y: -0.059999704, z: -0.05203867}
  m_LocalScale: {x: 1, y: 1, z: 1}
  m_Children:
  - {fileID: 4224681557559798}
  - {fileID: 4791501221828168}
  - {fileID: 4021277817267082}
  m_Father: {fileID: 0}
  m_RootOrder: 0
  m_LocalEulerAnglesHint: {x: 0, y: 0, z: 0}
--- !u!114 &114194099827640898
MonoBehaviour:
  m_ObjectHideFlags: 0
  m_CorrespondingSourceObject: {fileID: 0}
  m_PrefabInstance: {fileID: 0}
  m_PrefabAsset: {fileID: 0}
  m_GameObject: {fileID: 1728139968905822}
  m_Enabled: 1
  m_EditorHideFlags: 0
  m_Script: {fileID: 11500000, guid: 6fd2e8874f60266498a388d7229a1bac, type: 3}
  m_Name: 
  m_EditorClassIdentifier: 
  destroy_time: 5
--- !u!1 &1735488235654308
GameObject:
  m_ObjectHideFlags: 0
  m_CorrespondingSourceObject: {fileID: 0}
  m_PrefabInstance: {fileID: 0}
  m_PrefabAsset: {fileID: 0}
  serializedVersion: 6
  m_Component:
  - component: {fileID: 4265939875954480}
  m_Layer: 0
  m_Name: RightHandMiddle4_end
  m_TagString: Untagged
  m_Icon: {fileID: 0}
  m_NavMeshLayer: 0
  m_StaticEditorFlags: 0
  m_IsActive: 1
--- !u!4 &4265939875954480
Transform:
  m_ObjectHideFlags: 0
  m_CorrespondingSourceObject: {fileID: 0}
  m_PrefabInstance: {fileID: 0}
  m_PrefabAsset: {fileID: 0}
  m_GameObject: {fileID: 1735488235654308}
  m_LocalRotation: {x: 0, y: -0, z: -0, w: 1}
  m_LocalPosition: {x: -0, y: 0.07230616, z: 0}
  m_LocalScale: {x: 1, y: 1, z: 1}
  m_Children: []
  m_Father: {fileID: 4609590080800996}
  m_RootOrder: 0
  m_LocalEulerAnglesHint: {x: 0, y: 0, z: 0}
--- !u!1 &1756622410042814
GameObject:
  m_ObjectHideFlags: 0
  m_CorrespondingSourceObject: {fileID: 0}
  m_PrefabInstance: {fileID: 0}
  m_PrefabAsset: {fileID: 0}
  serializedVersion: 6
  m_Component:
  - component: {fileID: 4764657692245168}
  m_Layer: 0
  m_Name: LeftHandRing2
  m_TagString: Untagged
  m_Icon: {fileID: 0}
  m_NavMeshLayer: 0
  m_StaticEditorFlags: 0
  m_IsActive: 1
--- !u!4 &4764657692245168
Transform:
  m_ObjectHideFlags: 0
  m_CorrespondingSourceObject: {fileID: 0}
  m_PrefabInstance: {fileID: 0}
  m_PrefabAsset: {fileID: 0}
  m_GameObject: {fileID: 1756622410042814}
  m_LocalRotation: {x: -0.00000004139218, y: -0.000013013047, z: 0.00041161012, w: 0.99999994}
  m_LocalPosition: {x: -0.000007646829, y: 0.07453941, z: 0.0000003288377}
  m_LocalScale: {x: 0.9999998, y: 0.99999994, z: 0.99999994}
  m_Children:
  - {fileID: 4897193479203020}
  m_Father: {fileID: 4991192081951072}
  m_RootOrder: 0
  m_LocalEulerAnglesHint: {x: 60.876297, y: 6.361887, z: 10.84348}
--- !u!1 &1781185318752886
GameObject:
  m_ObjectHideFlags: 0
  m_CorrespondingSourceObject: {fileID: 0}
  m_PrefabInstance: {fileID: 0}
  m_PrefabAsset: {fileID: 0}
  serializedVersion: 6
  m_Component:
  - component: {fileID: 4317319689874566}
  m_Layer: 0
  m_Name: LeftHandMiddle4_end
  m_TagString: Untagged
  m_Icon: {fileID: 0}
  m_NavMeshLayer: 0
  m_StaticEditorFlags: 0
  m_IsActive: 1
--- !u!4 &4317319689874566
Transform:
  m_ObjectHideFlags: 0
  m_CorrespondingSourceObject: {fileID: 0}
  m_PrefabInstance: {fileID: 0}
  m_PrefabAsset: {fileID: 0}
  m_GameObject: {fileID: 1781185318752886}
  m_LocalRotation: {x: 0, y: -0, z: -0, w: 1}
  m_LocalPosition: {x: -0, y: 0.07181366, z: 0}
  m_LocalScale: {x: 1, y: 1, z: 1}
  m_Children: []
  m_Father: {fileID: 4357667557310150}
  m_RootOrder: 0
  m_LocalEulerAnglesHint: {x: 0, y: 0, z: 0}
--- !u!1 &1799386258940918
GameObject:
  m_ObjectHideFlags: 0
  m_CorrespondingSourceObject: {fileID: 0}
  m_PrefabInstance: {fileID: 0}
  m_PrefabAsset: {fileID: 0}
  serializedVersion: 6
  m_Component:
  - component: {fileID: 4843859768763112}
  m_Layer: 0
  m_Name: RightHandRing1
  m_TagString: Untagged
  m_Icon: {fileID: 0}
  m_NavMeshLayer: 0
  m_StaticEditorFlags: 0
  m_IsActive: 1
--- !u!4 &4843859768763112
Transform:
  m_ObjectHideFlags: 0
  m_CorrespondingSourceObject: {fileID: 0}
  m_PrefabInstance: {fileID: 0}
  m_PrefabAsset: {fileID: 0}
  m_GameObject: {fileID: 1799386258940918}
  m_LocalRotation: {x: -0.014872638, y: -0.00019206679, z: -0.012826712, w: 0.9998071}
  m_LocalPosition: {x: 0.07117073, y: 0.22312577, z: 0.0013905221}
  m_LocalScale: {x: 1, y: 0.9999999, z: 0.9999998}
  m_Children:
  - {fileID: 4892399448031290}
  m_Father: {fileID: 4280577195261510}
  m_RootOrder: 2
  m_LocalEulerAnglesHint: {x: 55.006126, y: -9.27705, z: -15.468175}
--- !u!1 &1805955610427152
GameObject:
  m_ObjectHideFlags: 0
  m_CorrespondingSourceObject: {fileID: 0}
  m_PrefabInstance: {fileID: 0}
  m_PrefabAsset: {fileID: 0}
  serializedVersion: 6
  m_Component:
  - component: {fileID: 4639821784979810}
  m_Layer: 0
  m_Name: RightFoot
  m_TagString: Untagged
  m_Icon: {fileID: 0}
  m_NavMeshLayer: 0
  m_StaticEditorFlags: 0
  m_IsActive: 1
--- !u!4 &4639821784979810
Transform:
  m_ObjectHideFlags: 0
  m_CorrespondingSourceObject: {fileID: 0}
  m_PrefabInstance: {fileID: 0}
  m_PrefabAsset: {fileID: 0}
  m_GameObject: {fileID: 1805955610427152}
  m_LocalRotation: {x: 0.50000644, y: -0.0015441487, z: -0.014080548, w: 0.8659059}
  m_LocalPosition: {x: -0.00000002539251, y: 0.8140008, z: 0.0000000049918887}
  m_LocalScale: {x: 1.0000001, y: 1.0000001, z: 1.0000001}
  m_Children:
  - {fileID: 4898023448782210}
  m_Father: {fileID: 4642649242049622}
  m_RootOrder: 0
  m_LocalEulerAnglesHint: {x: 61.729607, y: -40.840775, z: -36.729362}
--- !u!1 &1811643037540236
GameObject:
  m_ObjectHideFlags: 0
  m_CorrespondingSourceObject: {fileID: 0}
  m_PrefabInstance: {fileID: 0}
  m_PrefabAsset: {fileID: 0}
  serializedVersion: 6
  m_Component:
  - component: {fileID: 4713594701497828}
  m_Layer: 0
  m_Name: RightHandThumb4
  m_TagString: Untagged
  m_Icon: {fileID: 0}
  m_NavMeshLayer: 0
  m_StaticEditorFlags: 0
  m_IsActive: 1
--- !u!4 &4713594701497828
Transform:
  m_ObjectHideFlags: 0
  m_CorrespondingSourceObject: {fileID: 0}
  m_PrefabInstance: {fileID: 0}
  m_PrefabAsset: {fileID: 0}
  m_GameObject: {fileID: 1811643037540236}
  m_LocalRotation: {x: 0.000000037252903, y: 0.000000006519258, z: -0.000000035855916,
    w: 1}
  m_LocalPosition: {x: 0.0014853763, y: 0.09262202, z: 0.00000018715858}
  m_LocalScale: {x: 1.0000001, y: 1.0000001, z: 1}
  m_Children:
  - {fileID: 4108766296734594}
  m_Father: {fileID: 4317505074231292}
  m_RootOrder: 0
  m_LocalEulerAnglesHint: {x: 0, y: 1.5902773e-15, z: 0}
--- !u!1 &1824327247102548
GameObject:
  m_ObjectHideFlags: 0
  m_CorrespondingSourceObject: {fileID: 0}
  m_PrefabInstance: {fileID: 0}
  m_PrefabAsset: {fileID: 0}
  serializedVersion: 6
  m_Component:
  - component: {fileID: 4759996461451236}
  m_Layer: 0
  m_Name: RightHandMiddle1
  m_TagString: Untagged
  m_Icon: {fileID: 0}
  m_NavMeshLayer: 0
  m_StaticEditorFlags: 0
  m_IsActive: 1
--- !u!4 &4759996461451236
Transform:
  m_ObjectHideFlags: 0
  m_CorrespondingSourceObject: {fileID: 0}
  m_PrefabInstance: {fileID: 0}
  m_PrefabAsset: {fileID: 0}
  m_GameObject: {fileID: 1824327247102548}
  m_LocalRotation: {x: -0.014838111, y: 0.0023754167, z: -0.01280296, w: 0.99980515}
  m_LocalPosition: {x: 0.005207039, y: 0.20284957, z: -0.006037513}
  m_LocalScale: {x: 0.99999994, y: 0.9999999, z: 1}
  m_Children:
  - {fileID: 4697905301089508}
  m_Father: {fileID: 4280577195261510}
  m_RootOrder: 1
  m_LocalEulerAnglesHint: {x: 49.17182, y: -6.5613384, z: -22.474138}
--- !u!1 &1828342930105512
GameObject:
  m_ObjectHideFlags: 0
  m_CorrespondingSourceObject: {fileID: 0}
  m_PrefabInstance: {fileID: 0}
  m_PrefabAsset: {fileID: 0}
  serializedVersion: 6
  m_Component:
  - component: {fileID: 4681435863773360}
  m_Layer: 0
  m_Name: RightHandRing3
  m_TagString: Untagged
  m_Icon: {fileID: 0}
  m_NavMeshLayer: 0
  m_StaticEditorFlags: 0
  m_IsActive: 1
--- !u!4 &4681435863773360
Transform:
  m_ObjectHideFlags: 0
  m_CorrespondingSourceObject: {fileID: 0}
  m_PrefabInstance: {fileID: 0}
  m_PrefabAsset: {fileID: 0}
  m_GameObject: {fileID: 1828342930105512}
  m_LocalRotation: {x: 0.00000092735064, y: 0.0000024927756, z: 0.00062507833, w: 0.9999998}
  m_LocalPosition: {x: -0.00003921868, y: 0.07069209, z: 0.000000028511275}
  m_LocalScale: {x: 1.0000001, y: 1, z: 1}
  m_Children:
  - {fileID: 4756847759026514}
  m_Father: {fileID: 4892399448031290}
  m_RootOrder: 0
  m_LocalEulerAnglesHint: {x: 49.250164, y: -2.4954214, z: -5.4347835}
--- !u!1 &1833170709313138
GameObject:
  m_ObjectHideFlags: 0
  m_CorrespondingSourceObject: {fileID: 0}
  m_PrefabInstance: {fileID: 0}
  m_PrefabAsset: {fileID: 0}
  serializedVersion: 6
  m_Component:
  - component: {fileID: 4897211806622744}
  m_Layer: 0
  m_Name: RightHandIndex4
  m_TagString: Untagged
  m_Icon: {fileID: 0}
  m_NavMeshLayer: 0
  m_StaticEditorFlags: 0
  m_IsActive: 1
--- !u!4 &4897211806622744
Transform:
  m_ObjectHideFlags: 0
  m_CorrespondingSourceObject: {fileID: 0}
  m_PrefabInstance: {fileID: 0}
  m_PrefabAsset: {fileID: 0}
  m_GameObject: {fileID: 1833170709313138}
  m_LocalRotation: {x: -0.000000065128106, y: -4.0272505e-10, z: -0.0000000037186654,
    w: 1}
  m_LocalPosition: {x: 0.000010666176, y: 0.078133464, z: -0.00000009685289}
  m_LocalScale: {x: 1, y: 1, z: 0.9999999}
  m_Children:
  - {fileID: 4831621576943344}
  m_Father: {fileID: 4559446779727990}
  m_RootOrder: 0
  m_LocalEulerAnglesHint: {x: 2.7586913e-33, y: 3.9756931e-16, z: -3.9756931e-16}
--- !u!1 &1839463362559502
GameObject:
  m_ObjectHideFlags: 0
  m_CorrespondingSourceObject: {fileID: 0}
  m_PrefabInstance: {fileID: 0}
  m_PrefabAsset: {fileID: 0}
  serializedVersion: 6
  m_Component:
  - component: {fileID: 4898023448782210}
  m_Layer: 0
  m_Name: RightToeBase
  m_TagString: Untagged
  m_Icon: {fileID: 0}
  m_NavMeshLayer: 0
  m_StaticEditorFlags: 0
  m_IsActive: 1
--- !u!4 &4898023448782210
Transform:
  m_ObjectHideFlags: 0
  m_CorrespondingSourceObject: {fileID: 0}
  m_PrefabInstance: {fileID: 0}
  m_PrefabAsset: {fileID: 0}
  m_GameObject: {fileID: 1839463362559502}
  m_LocalRotation: {x: 0.26311094, y: 0.035735093, z: -0.00975252, w: 0.9640542}
  m_LocalPosition: {x: -0.000000034086405, y: 0.3908129, z: 0.000000021159648}
  m_LocalScale: {x: 0.9999998, y: 0.9999999, z: 1}
  m_Children:
  - {fileID: 4746906622811342}
  m_Father: {fileID: 4639821784979810}
  m_RootOrder: 0
  m_LocalEulerAnglesHint: {x: 30.530895, y: 4.2457023, z: 0.000020443456}
--- !u!1 &1839867597009996
GameObject:
  m_ObjectHideFlags: 0
  m_CorrespondingSourceObject: {fileID: 0}
  m_PrefabInstance: {fileID: 0}
  m_PrefabAsset: {fileID: 0}
  serializedVersion: 6
  m_Component:
  - component: {fileID: 4604376645236048}
  m_Layer: 0
  m_Name: RightHandIndex1
  m_TagString: Untagged
  m_Icon: {fileID: 0}
  m_NavMeshLayer: 0
  m_StaticEditorFlags: 0
  m_IsActive: 1
--- !u!4 &4604376645236048
Transform:
  m_ObjectHideFlags: 0
  m_CorrespondingSourceObject: {fileID: 0}
  m_PrefabInstance: {fileID: 0}
  m_PrefabAsset: {fileID: 0}
  m_GameObject: {fileID: 1839867597009996}
  m_LocalRotation: {x: -0.014876438, y: -0.00045052188, z: -0.012886106, w: 0.9998062}
  m_LocalPosition: {x: -0.0763778, y: 0.194053, z: 0.0011555597}
  m_LocalScale: {x: 1, y: 0.9999999, z: 0.99999964}
  m_Children:
  - {fileID: 4189063953165538}
  m_Father: {fileID: 4280577195261510}
  m_RootOrder: 0
  m_LocalEulerAnglesHint: {x: 29.848034, y: -6.021241, z: -9.378864}
--- !u!1 &1840458676169398
GameObject:
  m_ObjectHideFlags: 0
  m_CorrespondingSourceObject: {fileID: 0}
  m_PrefabInstance: {fileID: 0}
  m_PrefabAsset: {fileID: 0}
  serializedVersion: 6
  m_Component:
  - component: {fileID: 4756847759026514}
  m_Layer: 0
  m_Name: RightHandRing4
  m_TagString: Untagged
  m_Icon: {fileID: 0}
  m_NavMeshLayer: 0
  m_StaticEditorFlags: 0
  m_IsActive: 1
--- !u!4 &4756847759026514
Transform:
  m_ObjectHideFlags: 0
  m_CorrespondingSourceObject: {fileID: 0}
  m_PrefabInstance: {fileID: 0}
  m_PrefabAsset: {fileID: 0}
  m_GameObject: {fileID: 1840458676169398}
  m_LocalRotation: {x: -0.000000085542695, y: -5.591316e-11, z: -0.000000004687328,
    w: 1}
  m_LocalPosition: {x: 0.00003882174, y: 0.058458235, z: 0.00000011703407}
  m_LocalScale: {x: 1.0000001, y: 1, z: 1}
  m_Children:
  - {fileID: 4007430512692164}
  m_Father: {fileID: 4681435863773360}
  m_RootOrder: 0
  m_LocalEulerAnglesHint: {x: -1.5902773e-15, y: -6.957463e-16, z: 0}
--- !u!1 &1869133110196828
GameObject:
  m_ObjectHideFlags: 0
  m_CorrespondingSourceObject: {fileID: 0}
  m_PrefabInstance: {fileID: 0}
  m_PrefabAsset: {fileID: 0}
  serializedVersion: 6
  m_Component:
  - component: {fileID: 4614312770606244}
  m_Layer: 0
  m_Name: LeftShoulder
  m_TagString: Untagged
  m_Icon: {fileID: 0}
  m_NavMeshLayer: 0
  m_StaticEditorFlags: 0
  m_IsActive: 1
--- !u!4 &4614312770606244
Transform:
  m_ObjectHideFlags: 0
  m_CorrespondingSourceObject: {fileID: 0}
  m_PrefabInstance: {fileID: 0}
  m_PrefabAsset: {fileID: 0}
  m_GameObject: {fileID: 1869133110196828}
  m_LocalRotation: {x: 0.5500668, y: -0.43894675, z: 0.57058465, w: 0.42330313}
  m_LocalPosition: {x: -0.121196575, y: 0.277091, z: 0.053180173}
  m_LocalScale: {x: 0.99999976, y: 0.99999976, z: 0.99999976}
  m_Children:
  - {fileID: 4559718643658364}
  m_Father: {fileID: 4537741575199656}
  m_RootOrder: 0
  m_LocalEulerAnglesHint: {x: 60.089005, y: 122.07001, z: -152.91}
--- !u!1 &1874948080407194
GameObject:
  m_ObjectHideFlags: 0
  m_CorrespondingSourceObject: {fileID: 0}
  m_PrefabInstance: {fileID: 0}
  m_PrefabAsset: {fileID: 0}
  serializedVersion: 6
  m_Component:
  - component: {fileID: 4108766296734594}
  m_Layer: 0
  m_Name: RightHandThumb4_end
  m_TagString: Untagged
  m_Icon: {fileID: 0}
  m_NavMeshLayer: 0
  m_StaticEditorFlags: 0
  m_IsActive: 1
--- !u!4 &4108766296734594
Transform:
  m_ObjectHideFlags: 0
  m_CorrespondingSourceObject: {fileID: 0}
  m_PrefabInstance: {fileID: 0}
  m_PrefabAsset: {fileID: 0}
  m_GameObject: {fileID: 1874948080407194}
  m_LocalRotation: {x: 0, y: -0, z: -0, w: 1}
  m_LocalPosition: {x: -0, y: 0.09263434, z: 0}
  m_LocalScale: {x: 1, y: 1, z: 1}
  m_Children: []
  m_Father: {fileID: 4713594701497828}
  m_RootOrder: 0
  m_LocalEulerAnglesHint: {x: 0, y: 0, z: 0}
--- !u!1 &1890566640328034
GameObject:
  m_ObjectHideFlags: 0
  m_CorrespondingSourceObject: {fileID: 0}
  m_PrefabInstance: {fileID: 0}
  m_PrefabAsset: {fileID: 0}
  serializedVersion: 6
  m_Component:
  - component: {fileID: 4897193479203020}
  m_Layer: 0
  m_Name: LeftHandRing3
  m_TagString: Untagged
  m_Icon: {fileID: 0}
  m_NavMeshLayer: 0
  m_StaticEditorFlags: 0
  m_IsActive: 1
--- !u!4 &4897193479203020
Transform:
  m_ObjectHideFlags: 0
  m_CorrespondingSourceObject: {fileID: 0}
  m_PrefabInstance: {fileID: 0}
  m_PrefabAsset: {fileID: 0}
  m_GameObject: {fileID: 1890566640328034}
  m_LocalRotation: {x: 0.00000007783889, y: 0.000000033728806, z: -0.0007147475, w: 0.99999976}
  m_LocalPosition: {x: 0.000051279363, y: 0.07260852, z: 0.00000021338994}
  m_LocalScale: {x: 1.0000001, y: 1, z: 1}
  m_Children:
  - {fileID: 4244472748394438}
  m_Father: {fileID: 4764657692245168}
  m_RootOrder: 0
  m_LocalEulerAnglesHint: {x: 19.918848, y: 0.36548656, z: 2.0813735}
--- !u!1 &1892457194127742
GameObject:
  m_ObjectHideFlags: 0
  m_CorrespondingSourceObject: {fileID: 0}
  m_PrefabInstance: {fileID: 0}
  m_PrefabAsset: {fileID: 0}
  serializedVersion: 6
  m_Component:
  - component: {fileID: 4496512199548648}
  m_Layer: 0
  m_Name: RightToe_End_end
  m_TagString: Untagged
  m_Icon: {fileID: 0}
  m_NavMeshLayer: 0
  m_StaticEditorFlags: 0
  m_IsActive: 1
--- !u!4 &4496512199548648
Transform:
  m_ObjectHideFlags: 0
  m_CorrespondingSourceObject: {fileID: 0}
  m_PrefabInstance: {fileID: 0}
  m_PrefabAsset: {fileID: 0}
  m_GameObject: {fileID: 1892457194127742}
  m_LocalRotation: {x: 0, y: -0, z: -0, w: 1}
  m_LocalPosition: {x: -0, y: 0.148699, z: 0}
  m_LocalScale: {x: 1, y: 1, z: 1}
  m_Children: []
  m_Father: {fileID: 4746906622811342}
  m_RootOrder: 0
  m_LocalEulerAnglesHint: {x: 0, y: 0, z: 0}
--- !u!1 &1895591572428660
GameObject:
  m_ObjectHideFlags: 0
  m_CorrespondingSourceObject: {fileID: 0}
  m_PrefabInstance: {fileID: 0}
  m_PrefabAsset: {fileID: 0}
  serializedVersion: 6
  m_Component:
  - component: {fileID: 4991192081951072}
  m_Layer: 0
  m_Name: LeftHandRing1
  m_TagString: Untagged
  m_Icon: {fileID: 0}
  m_NavMeshLayer: 0
  m_StaticEditorFlags: 0
  m_IsActive: 1
--- !u!4 &4991192081951072
Transform:
  m_ObjectHideFlags: 0
  m_CorrespondingSourceObject: {fileID: 0}
  m_PrefabInstance: {fileID: 0}
  m_PrefabAsset: {fileID: 0}
  m_GameObject: {fileID: 1895591572428660}
  m_LocalRotation: {x: -0.010756768, y: -0.0005829662, z: 0.011313722, w: 0.999878}
  m_LocalPosition: {x: -0.072541885, y: 0.20787045, z: -0.000046612695}
  m_LocalScale: {x: 0.99999976, y: 0.99999976, z: 0.9999998}
  m_Children:
  - {fileID: 4764657692245168}
  m_Father: {fileID: 4214212712561404}
  m_RootOrder: 2
  m_LocalEulerAnglesHint: {x: 48.48432, y: 7.1828237, z: 1.6240406}
--- !u!1 &1987174661867200
GameObject:
  m_ObjectHideFlags: 0
  m_CorrespondingSourceObject: {fileID: 0}
  m_PrefabInstance: {fileID: 0}
  m_PrefabAsset: {fileID: 0}
  serializedVersion: 6
  m_Component:
  - component: {fileID: 4102662373001188}
  m_Layer: 0
  m_Name: RightShoulder
  m_TagString: Untagged
  m_Icon: {fileID: 0}
  m_NavMeshLayer: 0
  m_StaticEditorFlags: 0
  m_IsActive: 1
--- !u!4 &4102662373001188
Transform:
  m_ObjectHideFlags: 0
  m_CorrespondingSourceObject: {fileID: 0}
  m_PrefabInstance: {fileID: 0}
  m_PrefabAsset: {fileID: 0}
  m_GameObject: {fileID: 1987174661867200}
  m_LocalRotation: {x: -0.55149424, y: -0.43782273, z: 0.5694538, w: -0.42413178}
  m_LocalPosition: {x: 0.121198, y: 0.2804193, z: -0.06257742}
  m_LocalScale: {x: 0.9999998, y: 0.99999976, z: 0.9999999}
  m_Children:
  - {fileID: 4867142104829998}
  m_Father: {fileID: 4537741575199656}
  m_RootOrder: 2
  m_LocalEulerAnglesHint: {x: 74.479004, y: -82.311005, z: -154.542}
--- !u!1 &1989529084047206
GameObject:
  m_ObjectHideFlags: 0
  m_CorrespondingSourceObject: {fileID: 0}
  m_PrefabInstance: {fileID: 0}
  m_PrefabAsset: {fileID: 0}
  serializedVersion: 6
  m_Component:
  - component: {fileID: 4609590080800996}
  m_Layer: 0
  m_Name: RightHandMiddle4
  m_TagString: Untagged
  m_Icon: {fileID: 0}
  m_NavMeshLayer: 0
  m_StaticEditorFlags: 0
  m_IsActive: 1
--- !u!4 &4609590080800996
Transform:
  m_ObjectHideFlags: 0
  m_CorrespondingSourceObject: {fileID: 0}
  m_PrefabInstance: {fileID: 0}
  m_PrefabAsset: {fileID: 0}
  m_GameObject: {fileID: 1989529084047206}
  m_LocalRotation: {x: 0.00000005338245, y: -0.00000014929182, z: -0.00000013611132,
    w: 1}
  m_LocalPosition: {x: 0.0000853762, y: 0.07230612, z: -0.00000025369576}
  m_LocalScale: {x: 1, y: 1, z: 1}
  m_Children:
  - {fileID: 4265939875954480}
  m_Father: {fileID: 4223393415588264}
  m_RootOrder: 0
  m_LocalEulerAnglesHint: {x: 0.0000010315979, y: -0.0000004983924, z: 0.000003338615}
--- !u!1 &1990318187802912
GameObject:
  m_ObjectHideFlags: 0
  m_CorrespondingSourceObject: {fileID: 0}
  m_PrefabInstance: {fileID: 0}
  m_PrefabAsset: {fileID: 0}
  serializedVersion: 6
  m_Component:
  - component: {fileID: 4559446779727990}
  m_Layer: 0
  m_Name: RightHandIndex3
  m_TagString: Untagged
  m_Icon: {fileID: 0}
  m_NavMeshLayer: 0
  m_StaticEditorFlags: 0
  m_IsActive: 1
--- !u!4 &4559446779727990
Transform:
  m_ObjectHideFlags: 0
  m_CorrespondingSourceObject: {fileID: 0}
  m_PrefabInstance: {fileID: 0}
  m_PrefabAsset: {fileID: 0}
  m_GameObject: {fileID: 1990318187802912}
  m_LocalRotation: {x: 0.0000006134593, y: 0.0000004543898, z: 0.000053645366, w: 1}
  m_LocalPosition: {x: 0.0000026554708, y: 0.086352825, z: -0.0000002380181}
  m_LocalScale: {x: 1, y: 1.0000001, z: 1.0000001}
  m_Children:
  - {fileID: 4897211806622744}
  m_Father: {fileID: 4189063953165538}
  m_RootOrder: 0
  m_LocalEulerAnglesHint: {x: 50.994923, y: -2.826432, z: -5.9111166}
--- !u!1 &1993474231534706
GameObject:
  m_ObjectHideFlags: 0
  m_CorrespondingSourceObject: {fileID: 0}
  m_PrefabInstance: {fileID: 0}
  m_PrefabAsset: {fileID: 0}
  serializedVersion: 6
  m_Component:
  - component: {fileID: 4085209609170066}
  m_Layer: 0
  m_Name: LeftFoot
  m_TagString: Untagged
  m_Icon: {fileID: 0}
  m_NavMeshLayer: 0
  m_StaticEditorFlags: 0
  m_IsActive: 1
--- !u!4 &4085209609170066
Transform:
  m_ObjectHideFlags: 0
  m_CorrespondingSourceObject: {fileID: 0}
  m_PrefabInstance: {fileID: 0}
  m_PrefabAsset: {fileID: 0}
  m_GameObject: {fileID: 1993474231534706}
  m_LocalRotation: {x: 0.5003806, y: 0.0016138507, z: 0.014060782, w: 0.8656899}
  m_LocalPosition: {x: 0.000000029653311, y: 0.81433976, z: -2.0489097e-10}
  m_LocalScale: {x: 1.0000001, y: 1.0000001, z: 1}
  m_Children:
  - {fileID: 4787291019935036}
  m_Father: {fileID: 4091707107240216}
  m_RootOrder: 0
  m_LocalEulerAnglesHint: {x: 55.832417, y: 22.54459, z: 20.41811}
--- !u!1 &1998436789897198
GameObject:
  m_ObjectHideFlags: 0
  m_CorrespondingSourceObject: {fileID: 0}
  m_PrefabInstance: {fileID: 0}
  m_PrefabAsset: {fileID: 0}
  serializedVersion: 6
  m_Component:
  - component: {fileID: 4699798660563990}
  m_Layer: 0
  m_Name: HeadTop_End_end
  m_TagString: Untagged
  m_Icon: {fileID: 0}
  m_NavMeshLayer: 0
  m_StaticEditorFlags: 0
  m_IsActive: 1
--- !u!4 &4699798660563990
Transform:
  m_ObjectHideFlags: 0
  m_CorrespondingSourceObject: {fileID: 0}
  m_PrefabInstance: {fileID: 0}
  m_PrefabAsset: {fileID: 0}
  m_GameObject: {fileID: 1998436789897198}
  m_LocalRotation: {x: 0, y: -0, z: -0, w: 1}
  m_LocalPosition: {x: -0, y: 0.47030607, z: 0}
  m_LocalScale: {x: 1, y: 1, z: 1}
  m_Children: []
  m_Father: {fileID: 4140686567355518}
  m_RootOrder: 0
  m_LocalEulerAnglesHint: {x: 0, y: 0, z: 0}
--- !u!1 &1999525249668440
GameObject:
  m_ObjectHideFlags: 0
  m_CorrespondingSourceObject: {fileID: 0}
  m_PrefabInstance: {fileID: 0}
  m_PrefabAsset: {fileID: 0}
  serializedVersion: 6
  m_Component:
  - component: {fileID: 4957977115109022}
  m_Layer: 0
  m_Name: LeftHandThumb1
  m_TagString: Untagged
  m_Icon: {fileID: 0}
  m_NavMeshLayer: 0
  m_StaticEditorFlags: 0
  m_IsActive: 1
--- !u!4 &4957977115109022
Transform:
  m_ObjectHideFlags: 0
  m_CorrespondingSourceObject: {fileID: 0}
  m_PrefabInstance: {fileID: 0}
  m_PrefabAsset: {fileID: 0}
  m_GameObject: {fileID: 1999525249668440}
  m_LocalRotation: {x: 0.20132774, y: -0.09549058, z: -0.17811012, w: 0.95844954}
  m_LocalPosition: {x: 0.058182556, y: 0.058316838, z: 0.041481223}
  m_LocalScale: {x: 0.99999994, y: 0.9999998, z: 0.9999999}
  m_Children:
  - {fileID: 4743646057808422}
  m_Father: {fileID: 4214212712561404}
  m_RootOrder: 3
  m_LocalEulerAnglesHint: {x: 21.285002, y: 37.592003, z: -14.183001}
