%YAML 1.1
%TAG !u! tag:unity3d.com,2011:
--- !u!1 &1301587729088354
GameObject:
  m_ObjectHideFlags: 0
  m_CorrespondingSourceObject: {fileID: 0}
  m_PrefabInstance: {fileID: 0}
  m_PrefabAsset: {fileID: 0}
  serializedVersion: 6
  m_Component:
  - component: {fileID: 4628464141435048}
  m_Layer: 0
  m_Name: Render
  m_TagString: Untagged
  m_Icon: {fileID: 0}
  m_NavMeshLayer: 0
  m_StaticEditorFlags: 0
  m_IsActive: 1
--- !u!4 &4628464141435048
Transform:
  m_ObjectHideFlags: 0
  m_CorrespondingSourceObject: {fileID: 0}
  m_PrefabInstance: {fileID: 0}
  m_PrefabAsset: {fileID: 0}
  m_GameObject: {fileID: 1301587729088354}
  m_LocalRotation: {x: -0, y: -0, z: -0, w: 1}
  m_LocalPosition: {x: 0, y: 0, z: 0}
  m_LocalScale: {x: 1, y: 1, z: 1}
  m_Children:
  - {fileID: 4321043822520774}
  - {fileID: 4875612303327394}
  m_Father: {fileID: 4971531078482910}
  m_RootOrder: 0
  m_LocalEulerAnglesHint: {x: 0, y: 0, z: 0}
--- !u!1 &1466240421940822
GameObject:
  m_ObjectHideFlags: 0
  m_CorrespondingSourceObject: {fileID: 0}
  m_PrefabInstance: {fileID: 0}
  m_PrefabAsset: {fileID: 0}
  serializedVersion: 6
  m_Component:
  - component: {fileID: 4040309099578254}
  m_Layer: 0
  m_Name: Attack Point
  m_TagString: Untagged
  m_Icon: {fileID: 0}
  m_NavMeshLayer: 0
  m_StaticEditorFlags: 0
  m_IsActive: 1
--- !u!4 &4040309099578254
Transform:
  m_ObjectHideFlags: 0
  m_CorrespondingSourceObject: {fileID: 0}
  m_PrefabInstance: {fileID: 0}
  m_PrefabAsset: {fileID: 0}
  m_GameObject: {fileID: 1466240421940822}
  m_LocalRotation: {x: -0, y: 0.6895259, z: -0, w: 0.72426105}
  m_LocalPosition: {x: 0.8980003, y: 0.51, z: 0}
  m_LocalScale: {x: 1, y: 1, z: 1}
  m_Children: []
  m_Father: {fileID: 4971531078482910}
  m_RootOrder: 1
  m_LocalEulerAnglesHint: {x: 0, y: 87.185005, z: 0}
--- !u!1 &1624760231638030
GameObject:
  m_ObjectHideFlags: 0
  m_CorrespondingSourceObject: {fileID: 0}
  m_PrefabInstance: {fileID: 0}
  m_PrefabAsset: {fileID: 0}
  serializedVersion: 6
  m_Component:
  - component: {fileID: 4321043822520774}
  - component: {fileID: 33439450904776592}
  - component: {fileID: 23603300066123508}
  m_Layer: 0
  m_Name: flamethrower
  m_TagString: Untagged
  m_Icon: {fileID: 0}
  m_NavMeshLayer: 0
  m_StaticEditorFlags: 0
  m_IsActive: 1
--- !u!4 &4321043822520774
Transform:
  m_ObjectHideFlags: 0
  m_CorrespondingSourceObject: {fileID: 0}
  m_PrefabInstance: {fileID: 0}
  m_PrefabAsset: {fileID: 0}
  m_GameObject: {fileID: 1624760231638030}
  m_LocalRotation: {x: -0.7071068, y: 0, z: -0, w: 0.7071068}
  m_LocalPosition: {x: -0, y: 0.38943174, z: 0.0000000047683715}
  m_LocalScale: {x: 1, y: 1, z: 1}
  m_Children: []
  m_Father: {fileID: 4628464141435048}
  m_RootOrder: 0
  m_LocalEulerAnglesHint: {x: 0, y: 0, z: 0}
--- !u!33 &33439450904776592
MeshFilter:
  m_ObjectHideFlags: 0
  m_CorrespondingSourceObject: {fileID: 0}
  m_PrefabInstance: {fileID: 0}
  m_PrefabAsset: {fileID: 0}
  m_GameObject: {fileID: 1624760231638030}
  m_Mesh: {fileID: 4300000, guid: e69d02c87e7f6744290e793d79ec7f4f, type: 3}
--- !u!23 &23603300066123508
MeshRenderer:
  m_ObjectHideFlags: 0
  m_CorrespondingSourceObject: {fileID: 0}
  m_PrefabInstance: {fileID: 0}
  m_PrefabAsset: {fileID: 0}
  m_GameObject: {fileID: 1624760231638030}
  m_Enabled: 1
  m_CastShadows: 1
  m_ReceiveShadows: 1
  m_DynamicOccludee: 1
  m_MotionVectors: 1
  m_LightProbeUsage: 1
  m_ReflectionProbeUsage: 1
  m_RenderingLayerMask: 1
  m_RendererPriority: 0
  m_Materials:
  - {fileID: 2100000, guid: 482865aadaeb6324ea429f455c919e07, type: 2}
  m_StaticBatchInfo:
    firstSubMesh: 0
    subMeshCount: 0
  m_StaticBatchRoot: {fileID: 0}
  m_ProbeAnchor: {fileID: 0}
  m_LightProbeVolumeOverride: {fileID: 0}
  m_ScaleInLightmap: 1
  m_PreserveUVs: 0
  m_IgnoreNormalsForChartDetection: 0
  m_ImportantGI: 0
  m_StitchLightmapSeams: 0
  m_SelectedEditorRenderState: 3
  m_MinimumChartSize: 4
  m_AutoUVMaxDistance: 0.5
  m_AutoUVMaxAngle: 89
  m_LightmapParameters: {fileID: 0}
  m_SortingLayerID: 0
  m_SortingLayer: 0
  m_SortingOrder: 0
--- !u!1 &1636857599367836
GameObject:
  m_ObjectHideFlags: 0
  m_CorrespondingSourceObject: {fileID: 0}
  m_PrefabInstance: {fileID: 0}
  m_PrefabAsset: {fileID: 0}
  serializedVersion: 6
  m_Component:
  - component: {fileID: 4971531078482910}
  - component: {fileID: 82920893141723524}
  - component: {fileID: 114414158830920150}
  - component: {fileID: 65643693780424102}
  - component: {fileID: 54946264551310096}
  m_Layer: 0
  m_Name: Flamethrower
  m_TagString: Untagged
  m_Icon: {fileID: 0}
  m_NavMeshLayer: 0
  m_StaticEditorFlags: 0
  m_IsActive: 1
--- !u!4 &4971531078482910
Transform:
  m_ObjectHideFlags: 0
  m_CorrespondingSourceObject: {fileID: 0}
  m_PrefabInstance: {fileID: 0}
  m_PrefabAsset: {fileID: 0}
  m_GameObject: {fileID: 1636857599367836}
  m_LocalRotation: {x: 0, y: 0, z: 0, w: 1}
  m_LocalPosition: {x: -12.117594, y: -3.6999998, z: 6.3047633}
  m_LocalScale: {x: 0.9000007, y: 0.90000075, z: 0.9000011}
  m_Children:
  - {fileID: 4628464141435048}
  - {fileID: 4040309099578254}
  - {fileID: 4046049074879182}
  m_Father: {fileID: 0}
  m_RootOrder: 0
  m_LocalEulerAnglesHint: {x: 0, y: 0, z: 0}
--- !u!82 &82920893141723524
AudioSource:
  m_ObjectHideFlags: 0
  m_CorrespondingSourceObject: {fileID: 0}
  m_PrefabInstance: {fileID: 0}
  m_PrefabAsset: {fileID: 0}
  m_GameObject: {fileID: 1636857599367836}
  m_Enabled: 1
  serializedVersion: 4
  OutputAudioMixerGroup: {fileID: 0}
  m_audioClip: {fileID: 0}
  m_PlayOnAwake: 1
  m_Volume: 1
  m_Pitch: 1
  Loop: 1
  Mute: 0
  Spatialize: 0
  SpatializePostEffects: 0
  Priority: 128
  DopplerLevel: 1
  MinDistance: 1
  MaxDistance: 500
  Pan2D: 0
  rolloffMode: 0
  BypassEffects: 0
  BypassListenerEffects: 0
  BypassReverbZones: 0
  rolloffCustomCurve:
    serializedVersion: 2
    m_Curve:
    - serializedVersion: 3
      time: 0
      value: 1
      inSlope: 0
      outSlope: 0
      tangentMode: 0
      weightedMode: 0
      inWeight: 0.33333334
      outWeight: 0.33333334
    - serializedVersion: 3
      time: 1
      value: 0
      inSlope: 0
      outSlope: 0
      tangentMode: 0
      weightedMode: 0
      inWeight: 0.33333334
      outWeight: 0.33333334
    m_PreInfinity: 2
    m_PostInfinity: 2
    m_RotationOrder: 4
  panLevelCustomCurve:
    serializedVersion: 2
    m_Curve:
    - serializedVersion: 3
      time: 0
      value: 0
      inSlope: 0
      outSlope: 0
      tangentMode: 0
      weightedMode: 0
      inWeight: 0.33333334
      outWeight: 0.33333334
    m_PreInfinity: 2
    m_PostInfinity: 2
    m_RotationOrder: 0
  spreadCustomCurve:
    serializedVersion: 2
    m_Curve:
    - serializedVersion: 3
      time: 0
      value: 0
      inSlope: 0
      outSlope: 0
      tangentMode: 0
      weightedMode: 0
      inWeight: 0.33333334
      outWeight: 0.33333334
    m_PreInfinity: 2
    m_PostInfinity: 2
    m_RotationOrder: 4
  reverbZoneMixCustomCurve:
    serializedVersion: 2
    m_Curve:
    - serializedVersion: 3
      time: 0
      value: 1
      inSlope: 0
      outSlope: 0
      tangentMode: 0
      weightedMode: 0
      inWeight: 0.33333334
      outWeight: 0.33333334
    m_PreInfinity: 2
    m_PostInfinity: 2
    m_RotationOrder: 0
--- !u!114 &114414158830920150
MonoBehaviour:
  m_ObjectHideFlags: 0
  m_CorrespondingSourceObject: {fileID: 0}
  m_PrefabInstance: {fileID: 0}
  m_PrefabAsset: {fileID: 0}
  m_GameObject: {fileID: 1636857599367836}
  m_Enabled: 0
  m_EditorHideFlags: 0
  m_Script: {fileID: 11500000, guid: d81dd2a68f7d24a70ab0b38d1ee033df, type: 3}
  m_Name: 
  m_EditorClassIdentifier: 
  Controller: {fileID: 0}
  AIController: {fileID: 0}
  WeaponManager: {fileID: 0}
  OriginalScript: {fileID: 0}
  ScopeScreen: {fileID: 0}
  Parent: {fileID: 0}
  ColliderToCheckWalls: {fileID: 0}
  GrenadeParameters:
    GrenadeSpeed: 20
    GrenadeExplosionTime: 3
    ExplodeWhenTouchGround: 0
    GrenadeExplosion: {fileID: 0}
    ThrowAudio: {fileID: 0}
    GrenadeThrow_FPS: {fileID: 0}
    GrenadeThrow_TPS_TDS: {fileID: 0}
  IkObjects:
    RightObject: {fileID: 0}
    LeftObject: {fileID: 0}
    RightAimObject: {fileID: 0}
    LeftAimObject: {fileID: 0}
    RightCrouchObject: {fileID: 0}
    LeftCrouchObject: {fileID: 0}
    RightWallObject: {fileID: 0}
    LeftWallObject: {fileID: 0}
    RightElbowObject: {fileID: 0}
    LeftElbowObject: {fileID: 0}
  BodyObjects:
    RightHand: {fileID: 0}
    LeftHand: {fileID: 0}
    TopBody: {fileID: 0}
    Head: {fileID: 0}
    Hips: {fileID: 0}
    Chest: {fileID: 0}
  Attacks:
  - AttackType: 3
    BulletsSettings:
    - Active: 0
      weapon_damage: 0
      RateOfShoot: 0
      ScatterOfBullets: 0
    - Active: 0
      weapon_damage: 0
      RateOfShoot: 0
      ScatterOfBullets: 0
    WeaponAttack: {fileID: 7400000, guid: 318694420d1084da698d41741fdf6c55, type: 3}
    WeaponAutoShoot: {fileID: 0}
    WeaponReload: {fileID: 7400000, guid: 73e8c1720786945aea3d6904efe20fd6, type: 3}
    weapon_damage: 3
    RateOfShoot: 0
    ScatterOfBullets: 0
    currentBulletType: 0
    curAmmo: 0
    maxAmmo: 1000
    inventoryAmmo: 10000
    Rocket: {fileID: 0}
    Fire: {fileID: 1236665128587416, guid: b0e58bfb741ef4d82b018700ca38a8d4, type: 3}
    Tracer: {fileID: 0}
    MuzzleFlash: {fileID: 0}
    Shell: {fileID: 0}
    AttackSpawnPoint: {fileID: 4040309099578254}
    ShellPoint: {fileID: 0}
    AttackCollider: {fileID: 65101718743987030}
    AttackAudio: {fileID: 8300000, guid: 70e3a967e195a437989de10f381c5085, type: 3}
    ReloadAudio: {fileID: 8300000, guid: 2639cc355135c423f81b2156259d5273, type: 3}
    NoAmmoShotAudio: {fileID: 0}
    AmmoType: fire
  IkSlots:
  - fpsSettingsSlot: 1
    tpsSettingsSlot: 0
    tpsCrouchSettingsSlot: 0
    tdsSettingsSlot: 1
    currentTag: 0
  DebugMode: 0
  currentAttack: 0
  scopeDepth: 0
  aimTextureDepth: 0
  DropWeaponAudio: {fileID: 0}
  PickUpWeaponAudio: {fileID: 0}
  characterAnimations:
    WeaponIdle: {fileID: 7400000, guid: e4903411985de48f7ae4e2324eab4b2b, type: 3}
    TakeWeapon: {fileID: 7400000, guid: 1d75c13b689464e14a03fd8699ba5977, type: 3}
    WeaponWalk: {fileID: 7400000, guid: b986beaa7e0de4dc28a64fc5bde6ecc2, type: 3}
    WeaponRun: {fileID: 7400000, guid: 076dfc33e83634627b683d036073a56c, type: 3}
    RemoveWeapon: {fileID: 0}
    anim: {fileID: 0}
  WeaponImage: {fileID: 2800000, guid: e694a939a8fb545fba58c89303320b14, type: 3}
  AimCrosshairTexture: {fileID: 0}
  WeaponInfos:
  - SaveTime: {x: 21, y: 53, z: 35}
    SaveDate: {x: 3, y: 10, z: 2019}
    HasTime: 1
    disableIkInNormalState: 0
    disableIkInCrouchState: 0
    WeaponSize: {x: 0.9, y: 0.9, z: 0.8}
    WeaponPosition: {x: 0.227, y: 0.575, z: 0.132}
    WeaponRotation: {x: 1.9871625, y: 359.93732, z: 90.18286}
    RightHandPosition: {x: 0.46, y: 0.1, z: 0.34}
    LeftHandPosition: {x: -0.125, y: -0.154, z: 0.319}
    RightHandRotation: {x: 32.208904, y: 303.9882, z: 250.2049}
    LeftHandRotation: {x: 32.265015, y: 51.341434, z: 174.46262}
    RightCrouchHandPosition: {x: 0.25972557, y: 0.59838694, z: 0.6049592}
    LeftCrouchHandPosition: {x: -0.3397226, y: 0.55820477, z: 0.74315566}
    RightCrouchHandRotation: {x: 4.263049, y: 316.96622, z: 256.1438}
    LeftCrouchHandRotation: {x: 30.222675, y: 44.723125, z: 141.08598}
    RightAimPosition: {x: 0.421, y: 0.308, z: 0.39}
    LeftAimPosition: {x: -0.068, y: 0.085, z: 0.807}
    RightAimRotation: {x: 21.524012, y: 346.91406, z: 272.60638}
    LeftAimRotation: {x: 22.555899, y: 70.349396, z: 162.36722}
    RightElbowPosition: {x: 0.86, y: -0.01, z: 0.01}
    LeftElbowPosition: {x: -1.19, y: -0.01, z: 0.02}
    RightHandWallPosition: {x: 0.46, y: 0.1, z: 0.34}
    LeftHandWallPosition: {x: -0.236, y: -0.062, z: 0.229}
    RightHandWallRotation: {x: 25.830517, y: 289.05356, z: 243.20386}
    LeftHandWallRotation: {x: 32.265015, y: 51.341434, z: 174.46262}
    FingersRightX: 0
    FingersLeftX: 0
    FingersRightY: 0
    FingersLeftY: 0
    FingersRightZ: 0
    FingersLeftZ: 0
    ThumbRightX: 0
    ThumbLeftX: 0
    ThumbRightY: 0
    ThumbLeftY: 0
    ThumbRightZ: 0
    ThumbLeftZ: 0
    CheckWallsColliderSize: {x: 1, y: 1, z: 1}
    CheckWallsBoxPosition: {x: -0, y: 0.29, z: 0.83}
    CheckWallsBoxRotation: {x: -0, y: 0, z: 0}
    timeInHand_FPS: 2
    timeBeforeCreating_FPS: 1
    timeInHand_TPS: 2
    timeBeforeCreating_TPS: 1
  - SaveTime: {x: 13, y: 31, z: 45}
    SaveDate: {x: 4, y: 10, z: 2019}
    HasTime: 1
    disableIkInNormalState: 0
    disableIkInCrouchState: 0
    WeaponSize: {x: 0.9, y: 0.9, z: 0.8}
    WeaponPosition: {x: 0.227, y: 0.575, z: 0.132}
    WeaponRotation: {x: 1.9871625, y: 359.93732, z: 90.18286}
    RightHandPosition: {x: 0.37613603, y: 0.5844563, z: 0.78045875}
    LeftHandPosition: {x: -0.039408565, y: 0.34246993, z: 1.127349}
    RightHandRotation: {x: 15.235978, y: 349.67224, z: 272.38336}
    LeftHandRotation: {x: 4.593311, y: 78.02596, z: 163.51605}
    RightCrouchHandPosition: {x: 0.21707691, y: 0.50780755, z: 0.9670813}
    LeftCrouchHandPosition: {x: -0.031325255, y: 0.43008292, z: 0.95779514}
    RightCrouchHandRotation: {x: 9.990588, y: 349.51575, z: 271.56677}
    LeftCrouchHandRotation: {x: 10.637585, y: 38.48584, z: 179.86807}
    RightAimPosition: {x: 0.4198656, y: 0.6712796, z: 0.83948743}
    LeftAimPosition: {x: 0.17888753, y: 0.5965091, z: 0.8940526}
    RightAimRotation: {x: 0.071254686, y: 1.3063363, z: 273.15778}
    LeftAimRotation: {x: 2.8669913, y: 49.47129, z: 173.46007}
    RightElbowPosition: {x: 0.674, y: 0, z: 0}
    LeftElbowPosition: {x: -1.424, y: 0, z: -0}
    RightHandWallPosition: {x: 0.26, y: 0.17, z: 0.53}
    LeftHandWallPosition: {x: -0.18224399, y: -0.14867124, z: 0.3000772}
    RightHandWallRotation: {x: 28.870749, y: 287.3842, z: 269.68655}
    LeftHandWallRotation: {x: 7.2131433, y: 18.172224, z: 177.2005}
    FingersRightX: 0
    FingersLeftX: 0
    FingersRightY: 0
    FingersLeftY: 0
    FingersRightZ: 0
    FingersLeftZ: 0
    ThumbRightX: 0
    ThumbLeftX: 0
    ThumbRightY: 0
    ThumbLeftY: 0
    ThumbRightZ: 0
    ThumbLeftZ: 0
    CheckWallsColliderSize: {x: 1, y: 1, z: 1}
    CheckWallsBoxPosition: {x: 0, y: 0, z: 0.621}
    CheckWallsBoxRotation: {x: -0, y: 0, z: 0}
    timeInHand_FPS: 2
    timeBeforeCreating_FPS: 1
    timeInHand_TPS: 2
    timeBeforeCreating_TPS: 1
  CurrentWeaponInfo: []
  WeaponParent: 0
  Direction: {x: 0, y: 0, z: 0}
  inputs: {fileID: 11400000, guid: c647da03305eb437887679be51a2d70c, type: 2}
  currentTab: Attacks
  enumNames:
  - Third Person
  - First Person
  attacksNames:
  - Flame
  inspectorTabTop: 0
  bulletTypeInspectorTab: 0
  inspectorTabBottom: 3
  SettingsSlotIndex: 0
  lastSettingsSlotIndex: 0
  canUseValuesInAdjustment: 0
  SwitchToFpCamera: 0
  WasSetSwitchToFP: 0
  UseScope: 0
  UseAimTexture: 0
  IsReloadEnabled: 0
  AttackAudioPlay: 0
  IsAimEnabled: 0
  UIButtonAttack: 0
  ActiveAimTPS: 1
  ActiveAimFPS: 0
  canAttack: 1
  TakeWeaponInAimMode: 1
  TakeWeaponInWallMode: 1
  TakeWeaponInCrouchlMode: 1
  CanUseIK: 1
  CanUseElbowIK: 1
  CanUseWallIK: 0
  CanUseCrouchIK: 0
  CanUseAimIK: 0
  hasAimIKChanged: 0
  hasWallIKChanged: 0
  hasCrouchIKChanged: 0
  wallDetect: 0
  isMultiplayerWeapon: 0
  MultiplayerReload: 0
  MultiplayerAttack: 0
  MultiplayerFire: 0
  MultiplayerRocket: 0
  MultiplayerRocketRaycast: 0
  MultiplayerBulletHit: 0
  MultiplayerAim: 0
  MultiplayerChangeAttack: 0
  ActiveDebug: 0
  PickUpWeapon: 0
  parent: {fileID: 0}
  setCrouchHands: 0
  pressAimButtonOnce: 0
  _scatter: 0.015
--- !u!65 &65643693780424102
BoxCollider:
  m_ObjectHideFlags: 0
  m_CorrespondingSourceObject: {fileID: 0}
  m_PrefabInstance: {fileID: 0}
  m_PrefabAsset: {fileID: 0}
  m_GameObject: {fileID: 1636857599367836}
  m_Material: {fileID: 0}
  m_IsTrigger: 0
  m_Enabled: 1
  serializedVersion: 2
  m_Size: {x: 1.8, y: 0.55, z: 0.28}
  m_Center: {x: 0, y: 0.37, z: 0}
--- !u!54 &54946264551310096
Rigidbody:
  m_ObjectHideFlags: 0
  m_CorrespondingSourceObject: {fileID: 0}
  m_PrefabInstance: {fileID: 0}
  m_PrefabAsset: {fileID: 0}
  m_GameObject: {fileID: 1636857599367836}
  serializedVersion: 2
  m_Mass: 1
  m_Drag: 0
  m_AngularDrag: 0.05
  m_UseGravity: 0
  m_IsKinematic: 1
  m_Interpolate: 0
  m_Constraints: 0
  m_CollisionDetection: 0
--- !u!1 &1732030265333612
GameObject:
  m_ObjectHideFlags: 0
  m_CorrespondingSourceObject: {fileID: 0}
  m_PrefabInstance: {fileID: 0}
  m_PrefabAsset: {fileID: 0}
  serializedVersion: 6
  m_Component:
  - component: {fileID: 4046049074879182}
  - component: {fileID: 65101718743987030}
  - component: {fileID: 54809543119254428}
  m_Layer: 0
  m_Name: Fire Collider
  m_TagString: Fire
  m_Icon: {fileID: 0}
  m_NavMeshLayer: 0
  m_StaticEditorFlags: 0
  m_IsActive: 1
--- !u!4 &4046049074879182
Transform:
  m_ObjectHideFlags: 0
  m_CorrespondingSourceObject: {fileID: 0}
  m_PrefabInstance: {fileID: 0}
  m_PrefabAsset: {fileID: 0}
  m_GameObject: {fileID: 1732030265333612}
  m_LocalRotation: {x: -0, y: -0, z: -0, w: 1}
  m_LocalPosition: {x: 3.96, y: 0.647, z: 0.02}
  m_LocalScale: {x: 6.1249933, y: 1.6749997, z: 1.7624986}
  m_Children: []
  m_Father: {fileID: 4971531078482910}
  m_RootOrder: 2
  m_LocalEulerAnglesHint: {x: 0, y: 0, z: 0}
--- !u!65 &65101718743987030
BoxCollider:
  m_ObjectHideFlags: 0
  m_CorrespondingSourceObject: {fileID: 0}
  m_PrefabInstance: {fileID: 0}
  m_PrefabAsset: {fileID: 0}
  m_GameObject: {fileID: 1732030265333612}
  m_Material: {fileID: 0}
  m_IsTrigger: 1
  m_Enabled: 1
  serializedVersion: 2
  m_Size: {x: 1, y: 1, z: 1}
  m_Center: {x: 0, y: 0, z: 0}
--- !u!54 &54809543119254428
Rigidbody:
  m_ObjectHideFlags: 0
  m_CorrespondingSourceObject: {fileID: 0}
  m_PrefabInstance: {fileID: 0}
  m_PrefabAsset: {fileID: 0}
  m_GameObject: {fileID: 1732030265333612}
  serializedVersion: 2
  m_Mass: 1
  m_Drag: 0
  m_AngularDrag: 0.05
  m_UseGravity: 0
  m_IsKinematic: 1
  m_Interpolate: 0
  m_Constraints: 0
  m_CollisionDetection: 0
--- !u!1 &1933054192149794
GameObject:
  m_ObjectHideFlags: 0
  m_CorrespondingSourceObject: {fileID: 0}
  m_PrefabInstance: {fileID: 0}
  m_PrefabAsset: {fileID: 0}
  serializedVersion: 6
  m_Component:
  - component: {fileID: 4875612303327394}
  - component: {fileID: 33583289195089790}
  - component: {fileID: 23478559452502332}
  m_Layer: 0
  m_Name: gas cylinder
  m_TagString: Untagged
  m_Icon: {fileID: 0}
  m_NavMeshLayer: 0
  m_StaticEditorFlags: 0
  m_IsActive: 1
--- !u!4 &4875612303327394
Transform:
  m_ObjectHideFlags: 0
  m_CorrespondingSourceObject: {fileID: 0}
  m_PrefabInstance: {fileID: 0}
  m_PrefabAsset: {fileID: 0}
  m_GameObject: {fileID: 1933054192149794}
  m_LocalRotation: {x: -0.6532815, y: 0.27059802, z: -0.27059802, w: 0.6532815}
  m_LocalPosition: {x: -0.17923307, y: 0.20090282, z: 0.000001458765}
  m_LocalScale: {x: 1.2963006, y: 1.2963006, z: 1.2963006}
  m_Children: []
  m_Father: {fileID: 4628464141435048}
  m_RootOrder: 1
  m_LocalEulerAnglesHint: {x: 0, y: 0, z: 0}
--- !u!33 &33583289195089790
MeshFilter:
  m_ObjectHideFlags: 0
  m_CorrespondingSourceObject: {fileID: 0}
  m_PrefabInstance: {fileID: 0}
  m_PrefabAsset: {fileID: 0}
  m_GameObject: {fileID: 1933054192149794}
  m_Mesh: {fileID: 4300002, guid: e69d02c87e7f6744290e793d79ec7f4f, type: 3}
--- !u!23 &23478559452502332
MeshRenderer:
  m_ObjectHideFlags: 0
  m_CorrespondingSourceObject: {fileID: 0}
  m_PrefabInstance: {fileID: 0}
  m_PrefabAsset: {fileID: 0}
  m_GameObject: {fileID: 1933054192149794}
  m_Enabled: 1
  m_CastShadows: 1
  m_ReceiveShadows: 1
  m_DynamicOccludee: 1
  m_MotionVectors: 1
  m_LightProbeUsage: 1
  m_ReflectionProbeUsage: 1
  m_RenderingLayerMask: 1
  m_RendererPriority: 0
  m_Materials:
  - {fileID: 2100000, guid: 482865aadaeb6324ea429f455c919e07, type: 2}
  m_StaticBatchInfo:
    firstSubMesh: 0
    subMeshCount: 0
  m_StaticBatchRoot: {fileID: 0}
  m_ProbeAnchor: {fileID: 0}
  m_LightProbeVolumeOverride: {fileID: 0}
  m_ScaleInLightmap: 1
  m_PreserveUVs: 0
  m_IgnoreNormalsForChartDetection: 0
  m_ImportantGI: 0
  m_StitchLightmapSeams: 0
  m_SelectedEditorRenderState: 3
  m_MinimumChartSize: 4
  m_AutoUVMaxDistance: 0.5
  m_AutoUVMaxAngle: 89
  m_LightmapParameters: {fileID: 0}
  m_SortingLayerID: 0
  m_SortingLayer: 0
  m_SortingOrder: 0
