%YAML 1.1
%TAG !u! tag:unity3d.com,2011:
--- !u!1 &1183486314693210
GameObject:
  m_ObjectHideFlags: 0
  m_CorrespondingSourceObject: {fileID: 0}
  m_PrefabInstance: {fileID: 0}
  m_PrefabAsset: {fileID: 0}
  serializedVersion: 6
  m_Component:
  - component: {fileID: 4968581835782296}
  - component: {fileID: 33740717978901812}
  - component: {fileID: 23362778665223458}
  m_Layer: 0
  m_Name: Render
  m_TagString: Untagged
  m_Icon: {fileID: 0}
  m_NavMeshLayer: 0
  m_StaticEditorFlags: 0
  m_IsActive: 1
--- !u!4 &4968581835782296
Transform:
  m_ObjectHideFlags: 0
  m_CorrespondingSourceObject: {fileID: 0}
  m_PrefabInstance: {fileID: 0}
  m_PrefabAsset: {fileID: 0}
  m_GameObject: {fileID: 1183486314693210}
  m_LocalRotation: {x: -0, y: -0, z: -0, w: 1}
  m_LocalPosition: {x: 0, y: 0, z: 0}
  m_LocalScale: {x: 1, y: 0.9999998, z: 0.9999998}
  m_ConstrainProportionsScale: 0
  m_Children: []
  m_Father: {fileID: 4488150442305626}
  m_RootOrder: 0
  m_LocalEulerAnglesHint: {x: 0, y: 0, z: 0}
--- !u!33 &33740717978901812
MeshFilter:
  m_ObjectHideFlags: 0
  m_CorrespondingSourceObject: {fileID: 0}
  m_PrefabInstance: {fileID: 0}
  m_PrefabAsset: {fileID: 0}
  m_GameObject: {fileID: 1183486314693210}
  m_Mesh: {fileID: 4300000, guid: 1fbdf81b982659344ad01cb52c8d4fb9, type: 3}
--- !u!23 &23362778665223458
MeshRenderer:
  m_ObjectHideFlags: 0
  m_CorrespondingSourceObject: {fileID: 0}
  m_PrefabInstance: {fileID: 0}
  m_PrefabAsset: {fileID: 0}
  m_GameObject: {fileID: 1183486314693210}
  m_Enabled: 1
  m_CastShadows: 1
  m_ReceiveShadows: 1
  m_DynamicOccludee: 1
  m_StaticShadowCaster: 0
  m_MotionVectors: 1
  m_LightProbeUsage: 1
  m_ReflectionProbeUsage: 1
  m_RayTracingMode: 2
  m_RayTraceProcedural: 0
  m_RenderingLayerMask: 1
  m_RendererPriority: 0
  m_Materials:
  - {fileID: 2100000, guid: 57e9980cf48eb2343a3ab0afeb62b231, type: 2}
  m_StaticBatchInfo:
    firstSubMesh: 0
    subMeshCount: 0
  m_StaticBatchRoot: {fileID: 0}
  m_ProbeAnchor: {fileID: 0}
  m_LightProbeVolumeOverride: {fileID: 0}
  m_ScaleInLightmap: 1
  m_ReceiveGI: 1
  m_PreserveUVs: 0
  m_IgnoreNormalsForChartDetection: 0
  m_ImportantGI: 0
  m_StitchLightmapSeams: 0
  m_SelectedEditorRenderState: 3
  m_MinimumChartSize: 4
  m_AutoUVMaxDistance: 0.5
  m_AutoUVMaxAngle: 89
  m_LightmapParameters: {fileID: 0}
  m_SortingLayerID: 0
  m_SortingLayer: 0
  m_SortingOrder: 0
  m_AdditionalVertexStreams: {fileID: 0}
--- !u!1 &1189813027719320
GameObject:
  m_ObjectHideFlags: 0
  m_CorrespondingSourceObject: {fileID: 0}
  m_PrefabInstance: {fileID: 0}
  m_PrefabAsset: {fileID: 0}
  serializedVersion: 6
  m_Component:
  - component: {fileID: 4009060069049766}
  m_Layer: 0
  m_Name: Shell Spawn Point
  m_TagString: Untagged
  m_Icon: {fileID: 0}
  m_NavMeshLayer: 0
  m_StaticEditorFlags: 0
  m_IsActive: 1
--- !u!4 &4009060069049766
Transform:
  m_ObjectHideFlags: 0
  m_CorrespondingSourceObject: {fileID: 0}
  m_PrefabInstance: {fileID: 0}
  m_PrefabAsset: {fileID: 0}
  m_GameObject: {fileID: 1189813027719320}
  m_LocalRotation: {x: -0.6810489, y: -0, z: -0, w: 0.73223794}
  m_LocalPosition: {x: 0, y: 0.062, z: 0.126}
  m_LocalScale: {x: 1, y: 1, z: 1}
  m_ConstrainProportionsScale: 0
  m_Children: []
  m_Father: {fileID: 4488150442305626}
  m_RootOrder: 2
  m_LocalEulerAnglesHint: {x: -85.851006, y: 0, z: 0}
--- !u!1 &1283287219514824
GameObject:
  m_ObjectHideFlags: 0
  m_CorrespondingSourceObject: {fileID: 0}
  m_PrefabInstance: {fileID: 0}
  m_PrefabAsset: {fileID: 0}
  serializedVersion: 6
  m_Component:
  - component: {fileID: 4488150442305626}
  - component: {fileID: 82534456601419824}
  - component: {fileID: 114663215141297222}
  - component: {fileID: 54356581118745884}
  - component: {fileID: 65441719033709224}
  - component: {fileID: 136889002412504148}
  - component: {fileID: 5277929341960481411}
  m_Layer: 0
  m_Name: Gun
  m_TagString: Untagged
  m_Icon: {fileID: 0}
  m_NavMeshLayer: 0
  m_StaticEditorFlags: 0
  m_IsActive: 1
--- !u!4 &4488150442305626
Transform:
  m_ObjectHideFlags: 0
  m_CorrespondingSourceObject: {fileID: 0}
  m_PrefabInstance: {fileID: 0}
  m_PrefabAsset: {fileID: 0}
  m_GameObject: {fileID: 1283287219514824}
  m_LocalRotation: {x: 0, y: 0, z: 0, w: 1}
  m_LocalPosition: {x: -11.586399, y: -3.6999998, z: 6.5594335}
  m_LocalScale: {x: 0.8000012, y: 0.9000022, z: 0.9000019}
  m_ConstrainProportionsScale: 0
  m_Children:
  - {fileID: 4968581835782296}
  - {fileID: 4383768578869494}
  - {fileID: 4009060069049766}
  m_Father: {fileID: 0}
  m_RootOrder: 0
  m_LocalEulerAnglesHint: {x: -90, y: 0, z: 0}
--- !u!82 &82534456601419824
AudioSource:
  m_ObjectHideFlags: 0
  m_CorrespondingSourceObject: {fileID: 0}
  m_PrefabInstance: {fileID: 0}
  m_PrefabAsset: {fileID: 0}
  m_GameObject: {fileID: 1283287219514824}
  m_Enabled: 1
  serializedVersion: 4
  OutputAudioMixerGroup: {fileID: 0}
  m_audioClip: {fileID: 0}
  m_PlayOnAwake: 1
  m_Volume: 1
  m_Pitch: 1
  Loop: 0
  Mute: 0
  Spatialize: 0
  SpatializePostEffects: 0
  Priority: 128
  DopplerLevel: 1
  MinDistance: 1
  MaxDistance: 500
  Pan2D: 0
  rolloffMode: 0
  BypassEffects: 0
  BypassListenerEffects: 0
  BypassReverbZones: 0
  rolloffCustomCurve:
    serializedVersion: 2
    m_Curve:
    - serializedVersion: 3
      time: 0
      value: 1
      inSlope: 0
      outSlope: 0
      tangentMode: 0
      weightedMode: 0
      inWeight: 0.33333334
      outWeight: 0.33333334
    - serializedVersion: 3
      time: 1
      value: 0
      inSlope: 0
      outSlope: 0
      tangentMode: 0
      weightedMode: 0
      inWeight: 0.33333334
      outWeight: 0.33333334
    m_PreInfinity: 2
    m_PostInfinity: 2
    m_RotationOrder: 4
  panLevelCustomCurve:
    serializedVersion: 2
    m_Curve:
    - serializedVersion: 3
      time: 0
      value: 0
      inSlope: 0
      outSlope: 0
      tangentMode: 0
      weightedMode: 0
      inWeight: 0.33333334
      outWeight: 0.33333334
    m_PreInfinity: 2
    m_PostInfinity: 2
    m_RotationOrder: 0
  spreadCustomCurve:
    serializedVersion: 2
    m_Curve:
    - serializedVersion: 3
      time: 0
      value: 0
      inSlope: 0
      outSlope: 0
      tangentMode: 0
      weightedMode: 0
      inWeight: 0.33333334
      outWeight: 0.33333334
    m_PreInfinity: 2
    m_PostInfinity: 2
    m_RotationOrder: 4
  reverbZoneMixCustomCurve:
    serializedVersion: 2
    m_Curve:
    - serializedVersion: 3
      time: 0
      value: 1
      inSlope: 0
      outSlope: 0
      tangentMode: 0
      weightedMode: 0
      inWeight: 0.33333334
      outWeight: 0.33333334
    m_PreInfinity: 2
    m_PostInfinity: 2
    m_RotationOrder: 0
--- !u!114 &114663215141297222
MonoBehaviour:
  m_ObjectHideFlags: 0
  m_CorrespondingSourceObject: {fileID: 0}
  m_PrefabInstance: {fileID: 0}
  m_PrefabAsset: {fileID: 0}
  m_GameObject: {fileID: 1283287219514824}
  m_Enabled: 0
  m_EditorHideFlags: 0
  m_Script: {fileID: 11500000, guid: d81dd2a68f7d24a70ab0b38d1ee033df, type: 3}
  m_Name: 
  m_EditorClassIdentifier: 
  Controller: {fileID: 0}
  AIController: {fileID: 0}
  WeaponManager: {fileID: 0}
  OriginalScript: {fileID: 114663215141297222}
  ScopeScreen: {fileID: 0}
  Parent: {fileID: 0}
  ColliderToCheckWalls: {fileID: 0}
  GrenadeParameters:
    GrenadeSpeed: 20
    GrenadeExplosionTime: 3
    ExplodeWhenTouchGround: 0
    GrenadeExplosion: {fileID: 0}
    ThrowAudio: {fileID: 0}
    GrenadeThrow_FPS: {fileID: 0}
    GrenadeThrow_TPS_TDS: {fileID: 0}
  IkObjects:
    RightObject: {fileID: 0}
    LeftObject: {fileID: 0}
    RightAimObject: {fileID: 0}
    LeftAimObject: {fileID: 0}
    RightCrouchObject: {fileID: 0}
    LeftCrouchObject: {fileID: 0}
    RightWallObject: {fileID: 0}
    LeftWallObject: {fileID: 0}
    RightElbowObject: {fileID: 0}
    LeftElbowObject: {fileID: 0}
  BodyObjects:
    RightHand: {fileID: 0}
    LeftHand: {fileID: 0}
    TopBody: {fileID: 0}
    Head: {fileID: 0}
    Hips: {fileID: 0}
    Chest: {fileID: 0}
  Attacks:
  - AttackType: 0
    BulletsSettings:
    - Active: 1
      weapon_damage: 17
      RateOfShoot: 0.6
      ScatterOfBullets: 0.013
    - Active: 0
      weapon_damage: 10
      RateOfShoot: 0.2
      ScatterOfBullets: 0.0638
    WeaponAttack: {fileID: 7400000, guid: ea7596d1cc8004efaa9481b1aa6f86f9, type: 3}
    WeaponAutoShoot: {fileID: 7400000, guid: ce3da4ab3c68444febb60dcced939610, type: 3}
    WeaponReload: {fileID: 7400000, guid: b2211aa58148b4966a76e7c98ae4b025, type: 3}
    weapon_damage: 0
    RateOfShoot: 0.3
    ScatterOfBullets: 0
    currentBulletType: 0
    curAmmo: 12
    maxAmmo: 12
    inventoryAmmo: 24
    Rocket: {fileID: 0}
    Fire: {fileID: 0}
    Tracer: {fileID: 1524812064477880, guid: 10f88ef45b878485383f42aa5d9b57e1, type: 3}
    MuzzleFlash: {fileID: 1582579600037442, guid: c888f0c922d622147bbdbe2ca794142b,
      type: 3}
    Shell: {fileID: 144660, guid: 34f6844cd4ef96749852e55c49107b2e, type: 3}
    AttackSpawnPoint: {fileID: 4383768578869494}
    ShellPoint: {fileID: 4009060069049766}
    AttackCollider: {fileID: 0}
    AttackAudio: {fileID: 8300000, guid: 61508ae2948f35a4abafaea1b0b215dd, type: 3}
    ReloadAudio: {fileID: 8300000, guid: 949276b7615174c358cf6620fd4b7376, type: 3}
    NoAmmoShotAudio: {fileID: 0}
    AmmoType: gun
  IkSlots:
  - fpsSettingsSlot: 0
    tpsSettingsSlot: 1
    tpsCrouchSettingsSlot: 0
    tdsSettingsSlot: 0
    currentTag: 0
  DebugMode: 0
  currentAttack: 0
  scopeDepth: 10
  aimTextureDepth: 10
  DropWeaponAudio: {fileID: 0}
  PickUpWeaponAudio: {fileID: 0}
  characterAnimations:
    WeaponIdle: {fileID: 7400000, guid: e4903411985de48f7ae4e2324eab4b2b, type: 3}
    TakeWeapon: {fileID: 7400000, guid: 739bba7f194b4476bbd48289023916ab, type: 3}
    WeaponWalk: {fileID: 7400000, guid: b986beaa7e0de4dc28a64fc5bde6ecc2, type: 3}
    WeaponRun: {fileID: 7400000, guid: 076dfc33e83634627b683d036073a56c, type: 3}
    RemoveWeapon: {fileID: 0}
    anim: {fileID: 0}
  WeaponImage: {fileID: 2800000, guid: 8f73fc0cdc3a84a3f8b039217aea6f5c, type: 3}
  AimCrosshairTexture: {fileID: 2800000, guid: 0e377fc2d96984a16904d677e316c562, type: 3}
  WeaponInfos:
  - SaveTime: {x: 13, y: 31, z: 11}
    SaveDate: {x: 4, y: 10, z: 2019}
    HasTime: 1
    disableIkInNormalState: 0
    disableIkInCrouchState: 0
    WeaponSize: {x: 0.8000012, y: 0.9000022, z: 0.9000019}
    WeaponPosition: {x: -0.132, y: 0.343, z: 0.123}
    WeaponRotation: {x: 0.8991272, y: 266.53827, z: 78.52918}
    RightHandPosition: {x: 0.45100677, y: 0.75121474, z: 0.66433996}
    LeftHandPosition: {x: 0.28917515, y: 0.6304627, z: 0.7220353}
    RightHandRotation: {x: 11.704877, y: 10.854066, z: 280.5747}
    LeftHandRotation: {x: 5.96318, y: 58.495426, z: 186.57956}
    RightCrouchHandPosition: {x: 0.142, y: 1.554, z: 0.836}
    LeftCrouchHandPosition: {x: -0.00034667924, y: 1.4212126, z: 0.7713058}
    RightCrouchHandRotation: {x: 23.236044, y: 348.85822, z: 289.8247}
    LeftCrouchHandRotation: {x: 7.3312144, y: 35.395317, z: 201.12083}
    RightAimPosition: {x: 0.018927202, y: 0.74462575, z: 0.56157106}
    LeftAimPosition: {x: -0.18435936, y: 0.61723757, z: 0.59914595}
    RightAimRotation: {x: 14.087004, y: 6.1971, z: 277.35992}
    LeftAimRotation: {x: 9.889457, y: 54.564396, z: 186.23895}
    RightElbowPosition: {x: 1.04, y: 0.02, z: 0.2}
    LeftElbowPosition: {x: -0.92, y: 0, z: 0}
    RightHandWallPosition: {x: 0.4875462, y: 0.6326874, z: 0.43920174}
    LeftHandWallPosition: {x: 0.29, y: 0.632, z: 0.581}
    RightHandWallRotation: {x: 303.3133, y: 15.242216, z: 264.33502}
    LeftHandWallRotation: {x: 331.9403, y: 69.44197, z: 123.36513}
    FingersRightX: 0
    FingersLeftX: 0
    FingersRightY: 0
    FingersLeftY: 0
    FingersRightZ: 0
    FingersLeftZ: 0
    ThumbRightX: 0
    ThumbLeftX: 0
    ThumbRightY: 0
    ThumbLeftY: 0
    ThumbRightZ: 0
    ThumbLeftZ: 0
    CheckWallsColliderSize: {x: 0.6262727, y: 0.5728613, z: 0.86416745}
    CheckWallsBoxPosition: {x: 0.409, y: 0.504, z: 1.165}
    CheckWallsBoxRotation: {x: 9.368956, y: 358.5507, z: 269.9303}
    timeInHand_FPS: 2
    timeBeforeCreating_FPS: 1
    timeInHand_TPS: 2
    timeBeforeCreating_TPS: 1
  - SaveTime: {x: 21, y: 46, z: 53}
    SaveDate: {x: 3, y: 10, z: 2019}
    HasTime: 1
    disableIkInNormalState: 1
    disableIkInCrouchState: 0
    WeaponSize: {x: 0.8000012, y: 0.9000022, z: 0.9000019}
    WeaponPosition: {x: -0.132, y: 0.343, z: 0.123}
    WeaponRotation: {x: 0.8991272, y: 266.53827, z: 78.52918}
    RightHandPosition: {x: 0.17505424, y: 0.70592153, z: 0.6620819}
    LeftHandPosition: {x: -0.052, y: 0.697, z: 0.758}
    RightHandRotation: {x: 307.06854, y: 355.689, z: 267.0538}
    LeftHandRotation: {x: 332.17303, y: 50.712036, z: 126.349434}
    RightCrouchHandPosition: {x: 0.17505424, y: 0.70592153, z: 0.6620819}
    LeftCrouchHandPosition: {x: -0.052, y: 0.697, z: 0.758}
    RightCrouchHandRotation: {x: 307.06854, y: 355.689, z: 267.0538}
    LeftCrouchHandRotation: {x: 332.17303, y: 50.712036, z: 126.349434}
    RightAimPosition: {x: 0.113, y: 0.62, z: 0.889}
    LeftAimPosition: {x: -0.066516966, y: 0.44725856, z: 0.97155076}
    RightAimRotation: {x: 15.057918, y: 8.066536, z: 283.7328}
    LeftAimRotation: {x: 5.961438, y: 55.451653, z: 191.1516}
    RightElbowPosition: {x: 1.04, y: 0.02, z: 0.2}
    LeftElbowPosition: {x: -0.92, y: 0, z: 0}
    RightHandWallPosition: {x: 0.4875462, y: 0.6326874, z: 0.43920174}
    LeftHandWallPosition: {x: 0.29, y: 0.632, z: 0.581}
    RightHandWallRotation: {x: 303.3133, y: 15.242216, z: 264.33502}
    LeftHandWallRotation: {x: 331.9403, y: 69.44197, z: 123.36513}
    FingersRightX: 10.7
    FingersLeftX: 0
    FingersRightY: 0
    FingersLeftY: 0
    FingersRightZ: 0
    FingersLeftZ: 0
    ThumbRightX: 0
    ThumbLeftX: 0
    ThumbRightY: 0
    ThumbLeftY: 0
    ThumbRightZ: 0
    ThumbLeftZ: 0
    CheckWallsColliderSize: {x: 0.6262727, y: 0.5728613, z: 0.86416745}
    CheckWallsBoxPosition: {x: 0.409, y: 0.504, z: 1.165}
    CheckWallsBoxRotation: {x: 9.368956, y: 358.5507, z: 269.9303}
    timeInHand_FPS: 2
    timeBeforeCreating_FPS: 1
    timeInHand_TPS: 2
    timeBeforeCreating_TPS: 1
  CurrentWeaponInfo: []
  WeaponParent: 0
  Direction: {x: 0, y: 0, z: 0}
  inputs: {fileID: 11400000, guid: c647da03305eb437887679be51a2d70c, type: 2}
  currentTab: Attacks
  enumNames:
  - First Person
  - Third Person
  attacksNames:
  - bullets
  inspectorTabTop: 0
  bulletTypeInspectorTab: 0
  inspectorTabBottom: 3
  SettingsSlotIndex: 0
  lastSettingsSlotIndex: 0
  canUseValuesInAdjustment: 0
  SwitchToFpCamera: 1
  WasSetSwitchToFP: 0
  UseScope: 0
  UseAimTexture: 0
  IsReloadEnabled: 0
  AttackAudioPlay: 0
  IsAimEnabled: 0
  UIButtonAttack: 0
  ActiveAimTPS: 1
  ActiveAimFPS: 1
  canAttack: 1
  TakeWeaponInAimMode: 1
  TakeWeaponInWallMode: 1
  TakeWeaponInCrouchlMode: 1
  CanUseIK: 1
  CanUseElbowIK: 1
  CanUseWallIK: 1
  CanUseCrouchIK: 0
  CanUseAimIK: 1
  hasAimIKChanged: 0
  hasWallIKChanged: 0
  hasCrouchIKChanged: 0
  wallDetect: 0
  isMultiplayerWeapon: 0
  MultiplayerReload: 0
  MultiplayerAttack: 0
  MultiplayerFire: 0
  MultiplayerRocket: 0
  MultiplayerRocketRaycast: 0
  MultiplayerBulletHit: 0
  MultiplayerAim: 0
  MultiplayerChangeAttack: 0
  ActiveDebug: 0
  PickUpWeapon: 1
  parent: {fileID: 0}
  setCrouchHands: 0
  pressAimButtonOnce: 0
  _scatter: 0.01
--- !u!54 &54356581118745884
Rigidbody:
  m_ObjectHideFlags: 0
  m_CorrespondingSourceObject: {fileID: 0}
  m_PrefabInstance: {fileID: 0}
  m_PrefabAsset: {fileID: 0}
  m_GameObject: {fileID: 1283287219514824}
  serializedVersion: 2
  m_Mass: 1
  m_Drag: 0
  m_AngularDrag: 0.05
  m_UseGravity: 0
  m_IsKinematic: 1
  m_Interpolate: 0
  m_Constraints: 0
  m_CollisionDetection: 0
--- !u!65 &65441719033709224
BoxCollider:
  m_ObjectHideFlags: 0
  m_CorrespondingSourceObject: {fileID: 0}
  m_PrefabInstance: {fileID: 0}
  m_PrefabAsset: {fileID: 0}
  m_GameObject: {fileID: 1283287219514824}
  m_Material: {fileID: 0}
  m_IsTrigger: 0
  m_Enabled: 1
  serializedVersion: 2
  m_Size: {x: 0.67, y: 0.13, z: 0.49}
  m_Center: {x: 0, y: 0, z: 0}
--- !u!136 &136889002412504148
CapsuleCollider:
  m_ObjectHideFlags: 0
  m_CorrespondingSourceObject: {fileID: 0}
  m_PrefabInstance: {fileID: 0}
  m_PrefabAsset: {fileID: 0}
  m_GameObject: {fileID: 1283287219514824}
  m_Material: {fileID: 0}
  m_IsTrigger: 0
  m_Enabled: 0
  m_Radius: 0.5
  m_Height: 1
  m_Direction: 1
  m_Center: {x: 0, y: 0, z: 0}
--- !u!114 &5277929341960481411
MonoBehaviour:
  m_ObjectHideFlags: 0
  m_CorrespondingSourceObject: {fileID: 0}
  m_PrefabInstance: {fileID: 0}
  m_PrefabAsset: {fileID: 0}
  m_GameObject: {fileID: 1283287219514824}
  m_Enabled: 1
  m_EditorHideFlags: 0
  m_Script: {fileID: 11500000, guid: 8c60aa83476dd4749a34960739298ae4, type: 3}
  m_Name: 
  m_EditorClassIdentifier: 
  health_add: 20
  ammo_add: 20
  ammoType: 
  pickUpId: hwaifrdybj5ft1c2qa1d
  KitImage: {fileID: 0}
  Method: 0
  PickUpType: 2
  PickUpAudio: {fileID: 0}
  ColliderSize: {x: 1, y: 1, z: 1}
  distance: 10
  Slots: 1
  pickUpArea: {fileID: 0}
--- !u!1 &1985937810554638
GameObject:
  m_ObjectHideFlags: 0
  m_CorrespondingSourceObject: {fileID: 0}
  m_PrefabInstance: {fileID: 0}
  m_PrefabAsset: {fileID: 0}
  serializedVersion: 6
  m_Component:
  - component: {fileID: 4383768578869494}
  m_Layer: 0
  m_Name: Attack Point
  m_TagString: Untagged
  m_Icon: {fileID: 0}
  m_NavMeshLayer: 0
  m_StaticEditorFlags: 0
  m_IsActive: 1
--- !u!4 &4383768578869494
Transform:
  m_ObjectHideFlags: 0
  m_CorrespondingSourceObject: {fileID: 0}
  m_PrefabInstance: {fileID: 0}
  m_PrefabAsset: {fileID: 0}
  m_GameObject: {fileID: 1985937810554638}
  m_LocalRotation: {x: 0, y: 0.7071068, z: 0, w: 0.7071068}
  m_LocalPosition: {x: 0.311, y: 0, z: 0.154}
  m_LocalScale: {x: 1, y: 1, z: 1}
  m_ConstrainProportionsScale: 0
  m_Children: []
  m_Father: {fileID: 4488150442305626}
  m_RootOrder: 1
  m_LocalEulerAnglesHint: {x: 0, y: 90, z: 0}
