%YAML 1.1
%TAG !u! tag:unity3d.com,2011:
--- !u!1 &1009982749982240
GameObject:
  m_ObjectHideFlags: 0
  m_CorrespondingSourceObject: {fileID: 0}
  m_PrefabInstance: {fileID: 0}
  m_PrefabAsset: {fileID: 0}
  serializedVersion: 6
  m_Component:
  - component: {fileID: 4091752058853762}
  - component: {fileID: 33207259315888294}
  - component: {fileID: 23305498958377982}
  m_Layer: 0
  m_Name: machine gun
  m_TagString: Untagged
  m_Icon: {fileID: 0}
  m_NavMeshLayer: 0
  m_StaticEditorFlags: 0
  m_IsActive: 1
--- !u!4 &4091752058853762
Transform:
  m_ObjectHideFlags: 0
  m_CorrespondingSourceObject: {fileID: 0}
  m_PrefabInstance: {fileID: 0}
  m_PrefabAsset: {fileID: 0}
  m_GameObject: {fileID: 1009982749982240}
  m_LocalRotation: {x: -0.7071068, y: 0, z: -0, w: 0.7071068}
  m_LocalPosition: {x: -0, y: 0.35923934, z: 0}
  m_LocalScale: {x: 1, y: 1, z: 1}
  m_Children: []
  m_Father: {fileID: 4931565393339520}
  m_RootOrder: 0
  m_LocalEulerAnglesHint: {x: 0, y: 0, z: 0}
--- !u!33 &33207259315888294
MeshFilter:
  m_ObjectHideFlags: 0
  m_CorrespondingSourceObject: {fileID: 0}
  m_PrefabInstance: {fileID: 0}
  m_PrefabAsset: {fileID: 0}
  m_GameObject: {fileID: 1009982749982240}
  m_Mesh: {fileID: 4300000, guid: 0c83847376fdd214cbcfe6275e4b0855, type: 3}
--- !u!23 &23305498958377982
MeshRenderer:
  m_ObjectHideFlags: 0
  m_CorrespondingSourceObject: {fileID: 0}
  m_PrefabInstance: {fileID: 0}
  m_PrefabAsset: {fileID: 0}
  m_GameObject: {fileID: 1009982749982240}
  m_Enabled: 1
  m_CastShadows: 1
  m_ReceiveShadows: 1
  m_DynamicOccludee: 1
  m_MotionVectors: 1
  m_LightProbeUsage: 1
  m_ReflectionProbeUsage: 1
  m_RenderingLayerMask: 1
  m_RendererPriority: 0
  m_Materials:
  - {fileID: 2100000, guid: c3e3cd7fc1ef4e148bfdfc7c1341eb83, type: 2}
  m_StaticBatchInfo:
    firstSubMesh: 0
    subMeshCount: 0
  m_StaticBatchRoot: {fileID: 0}
  m_ProbeAnchor: {fileID: 0}
  m_LightProbeVolumeOverride: {fileID: 0}
  m_ScaleInLightmap: 1
  m_PreserveUVs: 0
  m_IgnoreNormalsForChartDetection: 0
  m_ImportantGI: 0
  m_StitchLightmapSeams: 0
  m_SelectedEditorRenderState: 3
  m_MinimumChartSize: 4
  m_AutoUVMaxDistance: 0.5
  m_AutoUVMaxAngle: 89
  m_LightmapParameters: {fileID: 0}
  m_SortingLayerID: 0
  m_SortingLayer: 0
  m_SortingOrder: 0
--- !u!1 &1016467217751352
GameObject:
  m_ObjectHideFlags: 0
  m_CorrespondingSourceObject: {fileID: 0}
  m_PrefabInstance: {fileID: 0}
  m_PrefabAsset: {fileID: 0}
  serializedVersion: 6
  m_Component:
  - component: {fileID: 4536228068042646}
  - component: {fileID: 33791543163842234}
  - component: {fileID: 23579981060001332}
  m_Layer: 0
  m_Name: mag1
  m_TagString: Untagged
  m_Icon: {fileID: 0}
  m_NavMeshLayer: 0
  m_StaticEditorFlags: 0
  m_IsActive: 1
--- !u!4 &4536228068042646
Transform:
  m_ObjectHideFlags: 0
  m_CorrespondingSourceObject: {fileID: 0}
  m_PrefabInstance: {fileID: 0}
  m_PrefabAsset: {fileID: 0}
  m_GameObject: {fileID: 1016467217751352}
  m_LocalRotation: {x: -0.7071068, y: 0, z: -0, w: 0.7071068}
  m_LocalPosition: {x: -0.016164932, y: 0.23662788, z: 0.0006409776}
  m_LocalScale: {x: 1, y: 0.7864389, z: 1}
  m_Children: []
  m_Father: {fileID: 4931565393339520}
  m_RootOrder: 1
  m_LocalEulerAnglesHint: {x: 0, y: 0, z: 0}
--- !u!33 &33791543163842234
MeshFilter:
  m_ObjectHideFlags: 0
  m_CorrespondingSourceObject: {fileID: 0}
  m_PrefabInstance: {fileID: 0}
  m_PrefabAsset: {fileID: 0}
  m_GameObject: {fileID: 1016467217751352}
  m_Mesh: {fileID: 4300002, guid: 0c83847376fdd214cbcfe6275e4b0855, type: 3}
--- !u!23 &23579981060001332
MeshRenderer:
  m_ObjectHideFlags: 0
  m_CorrespondingSourceObject: {fileID: 0}
  m_PrefabInstance: {fileID: 0}
  m_PrefabAsset: {fileID: 0}
  m_GameObject: {fileID: 1016467217751352}
  m_Enabled: 1
  m_CastShadows: 1
  m_ReceiveShadows: 1
  m_DynamicOccludee: 1
  m_MotionVectors: 1
  m_LightProbeUsage: 1
  m_ReflectionProbeUsage: 1
  m_RenderingLayerMask: 1
  m_RendererPriority: 0
  m_Materials:
  - {fileID: 2100000, guid: c3e3cd7fc1ef4e148bfdfc7c1341eb83, type: 2}
  m_StaticBatchInfo:
    firstSubMesh: 0
    subMeshCount: 0
  m_StaticBatchRoot: {fileID: 0}
  m_ProbeAnchor: {fileID: 0}
  m_LightProbeVolumeOverride: {fileID: 0}
  m_ScaleInLightmap: 1
  m_PreserveUVs: 0
  m_IgnoreNormalsForChartDetection: 0
  m_ImportantGI: 0
  m_StitchLightmapSeams: 0
  m_SelectedEditorRenderState: 3
  m_MinimumChartSize: 4
  m_AutoUVMaxDistance: 0.5
  m_AutoUVMaxAngle: 89
  m_LightmapParameters: {fileID: 0}
  m_SortingLayerID: 0
  m_SortingLayer: 0
  m_SortingOrder: 0
--- !u!1 &1184675109739840
GameObject:
  m_ObjectHideFlags: 0
  m_CorrespondingSourceObject: {fileID: 0}
  m_PrefabInstance: {fileID: 0}
  m_PrefabAsset: {fileID: 0}
  serializedVersion: 6
  m_Component:
  - component: {fileID: 4219492236302516}
  m_Layer: 0
  m_Name: Shell Spawn Point
  m_TagString: Untagged
  m_Icon: {fileID: 0}
  m_NavMeshLayer: 0
  m_StaticEditorFlags: 0
  m_IsActive: 1
--- !u!4 &4219492236302516
Transform:
  m_ObjectHideFlags: 0
  m_CorrespondingSourceObject: {fileID: 0}
  m_PrefabInstance: {fileID: 0}
  m_PrefabAsset: {fileID: 0}
  m_GameObject: {fileID: 1184675109739840}
  m_LocalRotation: {x: 0, y: 1, z: 0, w: 0}
  m_LocalPosition: {x: -0.224, y: 0.479, z: -0.073}
  m_LocalScale: {x: 1, y: 1, z: 1}
  m_Children: []
  m_Father: {fileID: 4526055160132184}
  m_RootOrder: 3
  m_LocalEulerAnglesHint: {x: 0, y: 180, z: 0}
--- !u!1 &1325949671287004
GameObject:
  m_ObjectHideFlags: 0
  m_CorrespondingSourceObject: {fileID: 0}
  m_PrefabInstance: {fileID: 0}
  m_PrefabAsset: {fileID: 0}
  serializedVersion: 6
  m_Component:
  - component: {fileID: 4466397407039802}
  m_Layer: 0
  m_Name: Attack Point (1)
  m_TagString: Untagged
  m_Icon: {fileID: 0}
  m_NavMeshLayer: 0
  m_StaticEditorFlags: 0
  m_IsActive: 1
--- !u!4 &4466397407039802
Transform:
  m_ObjectHideFlags: 0
  m_CorrespondingSourceObject: {fileID: 0}
  m_PrefabInstance: {fileID: 0}
  m_PrefabAsset: {fileID: 0}
  m_GameObject: {fileID: 1325949671287004}
  m_LocalRotation: {x: -0, y: 0.7071068, z: -0, w: 0.7071068}
  m_LocalPosition: {x: 0.634, y: 0.104, z: -0.014}
  m_LocalScale: {x: 0.9999993, y: 0.999999, z: 0.99999964}
  m_Children: []
  m_Father: {fileID: 4526055160132184}
  m_RootOrder: 4
  m_LocalEulerAnglesHint: {x: 0, y: 90, z: 0}
--- !u!1 &1330088854896734
GameObject:
  m_ObjectHideFlags: 0
  m_CorrespondingSourceObject: {fileID: 0}
  m_PrefabInstance: {fileID: 0}
  m_PrefabAsset: {fileID: 0}
  serializedVersion: 6
  m_Component:
  - component: {fileID: 4754376029081852}
  - component: {fileID: 33317407602250824}
  - component: {fileID: 23805915123256446}
  m_Layer: 0
  m_Name: Launcher p2
  m_TagString: Untagged
  m_Icon: {fileID: 0}
  m_NavMeshLayer: 0
  m_StaticEditorFlags: 0
  m_IsActive: 1
--- !u!4 &4754376029081852
Transform:
  m_ObjectHideFlags: 0
  m_CorrespondingSourceObject: {fileID: 0}
  m_PrefabInstance: {fileID: 0}
  m_PrefabAsset: {fileID: 0}
  m_GameObject: {fileID: 1330088854896734}
  m_LocalRotation: {x: -0, y: -1, z: -0, w: 0}
  m_LocalPosition: {x: -0.00028379855, y: -0.00018276309, z: 0.043530125}
  m_LocalScale: {x: 1.0101023, y: 1.0101008, z: 1.0101027}
  m_Children: []
  m_Father: {fileID: 4763156821304156}
  m_RootOrder: 0
  m_LocalEulerAnglesHint: {x: 0, y: -90, z: 0}
--- !u!33 &33317407602250824
MeshFilter:
  m_ObjectHideFlags: 0
  m_CorrespondingSourceObject: {fileID: 0}
  m_PrefabInstance: {fileID: 0}
  m_PrefabAsset: {fileID: 0}
  m_GameObject: {fileID: 1330088854896734}
  m_Mesh: {fileID: 4300000, guid: 97be67e98b9061343b958ab384c4a1fa, type: 3}
--- !u!23 &23805915123256446
MeshRenderer:
  m_ObjectHideFlags: 0
  m_CorrespondingSourceObject: {fileID: 0}
  m_PrefabInstance: {fileID: 0}
  m_PrefabAsset: {fileID: 0}
  m_GameObject: {fileID: 1330088854896734}
  m_Enabled: 1
  m_CastShadows: 1
  m_ReceiveShadows: 1
  m_DynamicOccludee: 1
  m_MotionVectors: 1
  m_LightProbeUsage: 1
  m_ReflectionProbeUsage: 1
  m_RenderingLayerMask: 1
  m_RendererPriority: 0
  m_Materials:
  - {fileID: 2100000, guid: 4cfe68d1d65ebc04f85f75bb039312eb, type: 2}
  m_StaticBatchInfo:
    firstSubMesh: 0
    subMeshCount: 0
  m_StaticBatchRoot: {fileID: 0}
  m_ProbeAnchor: {fileID: 0}
  m_LightProbeVolumeOverride: {fileID: 0}
  m_ScaleInLightmap: 1
  m_PreserveUVs: 0
  m_IgnoreNormalsForChartDetection: 0
  m_ImportantGI: 0
  m_StitchLightmapSeams: 0
  m_SelectedEditorRenderState: 3
  m_MinimumChartSize: 4
  m_AutoUVMaxDistance: 0.5
  m_AutoUVMaxAngle: 89
  m_LightmapParameters: {fileID: 0}
  m_SortingLayerID: 0
  m_SortingLayer: 0
  m_SortingOrder: 0
--- !u!1 &1387498956233846
GameObject:
  m_ObjectHideFlags: 0
  m_CorrespondingSourceObject: {fileID: 0}
  m_PrefabInstance: {fileID: 0}
  m_PrefabAsset: {fileID: 0}
  serializedVersion: 6
  m_Component:
  - component: {fileID: 4763156821304156}
  - component: {fileID: 33759172491837738}
  - component: {fileID: 23029121505304014}
  m_Layer: 0
  m_Name: Launcher
  m_TagString: Untagged
  m_Icon: {fileID: 0}
  m_NavMeshLayer: 0
  m_StaticEditorFlags: 0
  m_IsActive: 1
--- !u!4 &4763156821304156
Transform:
  m_ObjectHideFlags: 0
  m_CorrespondingSourceObject: {fileID: 0}
  m_PrefabInstance: {fileID: 0}
  m_PrefabAsset: {fileID: 0}
  m_GameObject: {fileID: 1387498956233846}
  m_LocalRotation: {x: 0.13032958, y: 0.70028746, z: 0.14301537, w: 0.68713784}
  m_LocalPosition: {x: 0.383, y: 0.096, z: 0.0020003347}
  m_LocalScale: {x: 1.6079191, y: 1.6079193, z: 1.607922}
  m_Children:
  - {fileID: 4754376029081852}
  m_Father: {fileID: 4526055160132184}
  m_RootOrder: 1
  m_LocalEulerAnglesHint: {x: -1.2140001, y: 90.84701, z: 22.282001}
--- !u!33 &33759172491837738
MeshFilter:
  m_ObjectHideFlags: 0
  m_CorrespondingSourceObject: {fileID: 0}
  m_PrefabInstance: {fileID: 0}
  m_PrefabAsset: {fileID: 0}
  m_GameObject: {fileID: 1387498956233846}
  m_Mesh: {fileID: 4300000, guid: 97be67e98b9061343b958ab384c4a1fa, type: 3}
--- !u!23 &23029121505304014
MeshRenderer:
  m_ObjectHideFlags: 0
  m_CorrespondingSourceObject: {fileID: 0}
  m_PrefabInstance: {fileID: 0}
  m_PrefabAsset: {fileID: 0}
  m_GameObject: {fileID: 1387498956233846}
  m_Enabled: 1
  m_CastShadows: 1
  m_ReceiveShadows: 1
  m_DynamicOccludee: 1
  m_MotionVectors: 1
  m_LightProbeUsage: 1
  m_ReflectionProbeUsage: 1
  m_RenderingLayerMask: 1
  m_RendererPriority: 0
  m_Materials:
  - {fileID: 2100000, guid: 4cfe68d1d65ebc04f85f75bb039312eb, type: 2}
  m_StaticBatchInfo:
    firstSubMesh: 0
    subMeshCount: 0
  m_StaticBatchRoot: {fileID: 0}
  m_ProbeAnchor: {fileID: 0}
  m_LightProbeVolumeOverride: {fileID: 0}
  m_ScaleInLightmap: 1
  m_PreserveUVs: 0
  m_IgnoreNormalsForChartDetection: 0
  m_ImportantGI: 0
  m_StitchLightmapSeams: 0
  m_SelectedEditorRenderState: 3
  m_MinimumChartSize: 4
  m_AutoUVMaxDistance: 0.5
  m_AutoUVMaxAngle: 89
  m_LightmapParameters: {fileID: 0}
  m_SortingLayerID: 0
  m_SortingLayer: 0
  m_SortingOrder: 0
--- !u!1 &1456088859683312
GameObject:
  m_ObjectHideFlags: 0
  m_CorrespondingSourceObject: {fileID: 0}
  m_PrefabInstance: {fileID: 0}
  m_PrefabAsset: {fileID: 0}
  serializedVersion: 6
  m_Component:
  - component: {fileID: 4526055160132184}
  - component: {fileID: 82344192327986786}
  - component: {fileID: 114395765959913060}
  - component: {fileID: 54213455410086274}
  - component: {fileID: 65950153466596062}
  m_Layer: 0
  m_Name: Machine
  m_TagString: Untagged
  m_Icon: {fileID: 0}
  m_NavMeshLayer: 0
  m_StaticEditorFlags: 0
  m_IsActive: 1
--- !u!4 &4526055160132184
Transform:
  m_ObjectHideFlags: 0
  m_CorrespondingSourceObject: {fileID: 0}
  m_PrefabInstance: {fileID: 0}
  m_PrefabAsset: {fileID: 0}
  m_GameObject: {fileID: 1456088859683312}
  m_LocalRotation: {x: 0, y: 0, z: 0, w: 1}
  m_LocalPosition: {x: 18.404305, y: -3.6773515, z: 6.767486}
  m_LocalScale: {x: 0.80000067, y: 0.8000008, z: 0.80000097}
  m_Children:
  - {fileID: 4931565393339520}
  - {fileID: 4763156821304156}
  - {fileID: 4885607293682730}
  - {fileID: 4219492236302516}
  - {fileID: 4466397407039802}
  m_Father: {fileID: 0}
  m_RootOrder: 0
  m_LocalEulerAnglesHint: {x: 0, y: 0, z: 0}
--- !u!82 &82344192327986786
AudioSource:
  m_ObjectHideFlags: 0
  m_CorrespondingSourceObject: {fileID: 0}
  m_PrefabInstance: {fileID: 0}
  m_PrefabAsset: {fileID: 0}
  m_GameObject: {fileID: 1456088859683312}
  m_Enabled: 1
  serializedVersion: 4
  OutputAudioMixerGroup: {fileID: 0}
  m_audioClip: {fileID: 0}
  m_PlayOnAwake: 1
  m_Volume: 1
  m_Pitch: 1
  Loop: 0
  Mute: 0
  Spatialize: 0
  SpatializePostEffects: 0
  Priority: 128
  DopplerLevel: 1
  MinDistance: 1
  MaxDistance: 500
  Pan2D: 0
  rolloffMode: 0
  BypassEffects: 0
  BypassListenerEffects: 0
  BypassReverbZones: 0
  rolloffCustomCurve:
    serializedVersion: 2
    m_Curve:
    - serializedVersion: 3
      time: 0
      value: 1
      inSlope: 0
      outSlope: 0
      tangentMode: 0
      weightedMode: 0
      inWeight: 0.33333334
      outWeight: 0.33333334
    - serializedVersion: 3
      time: 1
      value: 0
      inSlope: 0
      outSlope: 0
      tangentMode: 0
      weightedMode: 0
      inWeight: 0.33333334
      outWeight: 0.33333334
    m_PreInfinity: 2
    m_PostInfinity: 2
    m_RotationOrder: 4
  panLevelCustomCurve:
    serializedVersion: 2
    m_Curve:
    - serializedVersion: 3
      time: 0
      value: 0
      inSlope: 0
      outSlope: 0
      tangentMode: 0
      weightedMode: 0
      inWeight: 0.33333334
      outWeight: 0.33333334
    m_PreInfinity: 2
    m_PostInfinity: 2
    m_RotationOrder: 0
  spreadCustomCurve:
    serializedVersion: 2
    m_Curve:
    - serializedVersion: 3
      time: 0
      value: 0
      inSlope: 0
      outSlope: 0
      tangentMode: 0
      weightedMode: 0
      inWeight: 0.33333334
      outWeight: 0.33333334
    m_PreInfinity: 2
    m_PostInfinity: 2
    m_RotationOrder: 4
  reverbZoneMixCustomCurve:
    serializedVersion: 2
    m_Curve:
    - serializedVersion: 3
      time: 0
      value: 1
      inSlope: 0
      outSlope: 0
      tangentMode: 0
      weightedMode: 0
      inWeight: 0.33333334
      outWeight: 0.33333334
    m_PreInfinity: 2
    m_PostInfinity: 2
    m_RotationOrder: 0
--- !u!114 &114395765959913060
MonoBehaviour:
  m_ObjectHideFlags: 0
  m_CorrespondingSourceObject: {fileID: 0}
  m_PrefabInstance: {fileID: 0}
  m_PrefabAsset: {fileID: 0}
  m_GameObject: {fileID: 1456088859683312}
  m_Enabled: 0
  m_EditorHideFlags: 0
  m_Script: {fileID: 11500000, guid: d81dd2a68f7d24a70ab0b38d1ee033df, type: 3}
  m_Name: 
  m_EditorClassIdentifier: 
  Controller: {fileID: 0}
  AIController: {fileID: 0}
  WeaponManager: {fileID: 0}
  OriginalScript: {fileID: 0}
  ScopeScreen: {fileID: 0}
  Parent: {fileID: 0}
  ColliderToCheckWalls: {fileID: 0}
  GrenadeParameters:
    GrenadeSpeed: 20
    GrenadeExplosionTime: 3
    ExplodeWhenTouchGround: 0
    GrenadeExplosion: {fileID: 0}
    ThrowAudio: {fileID: 0}
    GrenadeThrow_FPS: {fileID: 0}
    GrenadeThrow_TPS_TDS: {fileID: 0}
  IkObjects:
    RightObject: {fileID: 0}
    LeftObject: {fileID: 0}
    RightAimObject: {fileID: 0}
    LeftAimObject: {fileID: 0}
    RightCrouchObject: {fileID: 0}
    LeftCrouchObject: {fileID: 0}
    RightWallObject: {fileID: 0}
    LeftWallObject: {fileID: 0}
    RightElbowObject: {fileID: 0}
    LeftElbowObject: {fileID: 0}
  BodyObjects:
    RightHand: {fileID: 0}
    LeftHand: {fileID: 0}
    TopBody: {fileID: 0}
    Head: {fileID: 0}
    Hips: {fileID: 0}
    Chest: {fileID: 0}
  Attacks:
  - AttackType: 2
    BulletsSettings:
    - Active: 1
      weapon_damage: 0
      RateOfShoot: 2
      ScatterOfBullets: 0.1
    - Active: 0
      weapon_damage: 0
      RateOfShoot: 0
      ScatterOfBullets: 0
    WeaponAttack: {fileID: 7400000, guid: ea7596d1cc8004efaa9481b1aa6f86f9, type: 3}
    WeaponAutoShoot: {fileID: 0}
    WeaponReload: {fileID: 7400000, guid: de1e8c0f26af943868eaca872102034e, type: 3}
    weapon_damage: 20
    RateOfShoot: 2
    ScatterOfBullets: 0
    currentBulletType: 0
    curAmmo: 0
    maxAmmo: 10
    inventoryAmmo: 15
    Rocket: {fileID: 1032951345735542, guid: a16ee20873c414ecea251b8800790f2c, type: 3}
    Fire: {fileID: 0}
    Tracer: {fileID: 0}
    MuzzleFlash: {fileID: 0}
    Shell: {fileID: 0}
    AttackSpawnPoint: {fileID: 4466397407039802}
    ShellPoint: {fileID: 0}
    AttackCollider: {fileID: 0}
    AttackAudio: {fileID: 8300000, guid: e5ffe5ad56ed84f80b79cf081c6d0209, type: 3}
    ReloadAudio: {fileID: 8300000, guid: 4c8da844a996141c59240b33b59c5ba7, type: 3}
    NoAmmoShotAudio: {fileID: 0}
    AmmoType: grenades
  - AttackType: 0
    BulletsSettings:
    - Active: 1
      weapon_damage: 12
      RateOfShoot: 0.5
      ScatterOfBullets: 0.0057
    - Active: 1
      weapon_damage: 7
      RateOfShoot: 0.2
      ScatterOfBullets: 0.0271
    WeaponAttack: {fileID: 7400000, guid: ea7596d1cc8004efaa9481b1aa6f86f9, type: 3}
    WeaponAutoShoot: {fileID: 7400000, guid: ce3da4ab3c68444febb60dcced939610, type: 3}
    WeaponReload: {fileID: 7400000, guid: 1ebc7edb8deb54bfeae11577bfa8d190, type: 3}
    weapon_damage: 0
    RateOfShoot: 0.5
    ScatterOfBullets: 0
    currentBulletType: 0
    curAmmo: 12
    maxAmmo: 40
    inventoryAmmo: 100
    Rocket: {fileID: 0}
    Fire: {fileID: 0}
    Tracer: {fileID: 1524812064477880, guid: 10f88ef45b878485383f42aa5d9b57e1, type: 3}
    MuzzleFlash: {fileID: 1212978306736404, guid: b0a227fc2e558f241b1c747820ccc361,
      type: 3}
    Shell: {fileID: 144660, guid: 34f6844cd4ef96749852e55c49107b2e, type: 3}
    AttackSpawnPoint: {fileID: 4885607293682730}
    ShellPoint: {fileID: 4219492236302516}
    AttackCollider: {fileID: 0}
    AttackAudio: {fileID: 8300000, guid: d22add9310406466492fea0d086ee95a, type: 3}
    ReloadAudio: {fileID: 8300000, guid: e5198250a6a57408bb36e14bc4a322c4, type: 3}
    NoAmmoShotAudio: {fileID: 0}
    AmmoType: gun
  IkSlots:
  - fpsSettingsSlot: 0
    tpsSettingsSlot: 1
    tpsCrouchSettingsSlot: 0
    tdsSettingsSlot: 0
    currentTag: 0
  DebugMode: 0
  currentAttack: 1
  scopeDepth: 0
  aimTextureDepth: 0
  DropWeaponAudio: {fileID: 0}
  PickUpWeaponAudio: {fileID: 0}
  characterAnimations:
    WeaponIdle: {fileID: 7400000, guid: e4903411985de48f7ae4e2324eab4b2b, type: 3}
    TakeWeapon: {fileID: 7400000, guid: 1d75c13b689464e14a03fd8699ba5977, type: 3}
    WeaponWalk: {fileID: 7400000, guid: b986beaa7e0de4dc28a64fc5bde6ecc2, type: 3}
    WeaponRun: {fileID: 7400000, guid: 076dfc33e83634627b683d036073a56c, type: 3}
    RemoveWeapon: {fileID: 0}
    anim: {fileID: 0}
  WeaponImage: {fileID: 2800000, guid: 4dbeed24e23224068a7e647eb5074c8a, type: 3}
  AimCrosshairTexture: {fileID: 0}
  WeaponInfos:
  - SaveTime: {x: 13, y: 29, z: 8}
    SaveDate: {x: 4, y: 10, z: 2019}
    HasTime: 1
    disableIkInNormalState: 0
    disableIkInCrouchState: 0
    WeaponSize: {x: 0.80000067, y: 0.8000008, z: 0.80000097}
    WeaponPosition: {x: 0.099, y: 0.502, z: -0.003}
    WeaponRotation: {x: 350.78403, y: 359.651, z: 101.827644}
    RightHandPosition: {x: 0.42421657, y: 0.5972772, z: 0.736428}
    LeftHandPosition: {x: 0.10060058, y: 0.31833157, z: 1.1130382}
    RightHandRotation: {x: 27.441883, y: 343.60214, z: 275.19727}
    LeftHandRotation: {x: 352.5413, y: 80.53083, z: 190.76169}
    RightCrouchHandPosition: {x: 0, y: 0, z: 0}
    LeftCrouchHandPosition: {x: 0, y: 0, z: 0}
    RightCrouchHandRotation: {x: 270, y: -0, z: 0}
    LeftCrouchHandRotation: {x: 270, y: -0, z: 0}
    RightAimPosition: {x: 0.022611707, y: 0.77642345, z: 0.64908224}
    LeftAimPosition: {x: -0.31393552, y: 0.5346512, z: 1.0495456}
    RightAimRotation: {x: 24.168404, y: 343.3962, z: 267.9288}
    LeftAimRotation: {x: 358.2844, y: 83.01991, z: 188.76378}
    RightElbowPosition: {x: 0.71, y: -0, z: 0}
    LeftElbowPosition: {x: -2, y: -0, z: -0}
    RightHandWallPosition: {x: 0.454, y: 0.589, z: 0.525}
    LeftHandWallPosition: {x: 0.08352198, y: 0.97721565, z: 0.7229552}
    RightHandWallRotation: {x: 301.66382, y: 322.28848, z: 299.22858}
    LeftHandWallRotation: {x: 354.21362, y: 80.75689, z: 101.96864}
    FingersRightX: 0
    FingersLeftX: 0
    FingersRightY: 0
    FingersLeftY: 0
    FingersRightZ: 0
    FingersLeftZ: 0
    ThumbRightX: 0
    ThumbLeftX: 0
    ThumbRightY: 0
    ThumbLeftY: 0
    ThumbRightZ: 0
    ThumbLeftZ: 0
    CheckWallsColliderSize: {x: 1, y: 1, z: 1}
    CheckWallsBoxPosition: {x: -0, y: -0, z: 0.751}
    CheckWallsBoxRotation: {x: -0, y: 0, z: 0}
    timeInHand_FPS: 2
    timeBeforeCreating_FPS: 1
    timeInHand_TPS: 2
    timeBeforeCreating_TPS: 1
  - SaveTime: {x: 21, y: 30, z: 54}
    SaveDate: {x: 3, y: 10, z: 2019}
    HasTime: 1
    disableIkInNormalState: 0
    disableIkInCrouchState: 0
    WeaponSize: {x: 0.80000067, y: 0.8000008, z: 0.80000097}
    WeaponPosition: {x: 0.099, y: 0.502, z: -0.003}
    WeaponRotation: {x: 350.78403, y: 359.651, z: 101.827644}
    RightHandPosition: {x: 0.44349942, y: 0.16920525, z: 0.32142037}
    LeftHandPosition: {x: -0.081, y: -0.079, z: 0.474}
    RightHandRotation: {x: 26.585999, y: 315.7932, z: 262.48035}
    LeftHandRotation: {x: 8.46837, y: 60.80314, z: 193.20154}
    RightCrouchHandPosition: {x: 0.32809708, y: 0.5753322, z: 0.768369}
    LeftCrouchHandPosition: {x: -0.173, y: 0.785, z: 0.931}
    RightCrouchHandRotation: {x: 343.21738, y: 318.141, z: 253.28708}
    LeftCrouchHandRotation: {x: 25.217821, y: 50.7978, z: 150.08629}
    RightAimPosition: {x: 0.509, y: 0.299, z: 0.278}
    LeftAimPosition: {x: 0.24156097, y: 0.06725073, z: 0.7346894}
    RightAimRotation: {x: 21.691473, y: 353.83093, z: 274.3468}
    LeftAimRotation: {x: 352.80273, y: 91.21053, z: 185.43416}
    RightElbowPosition: {x: 1.117, y: -0.246, z: -0.567}
    LeftElbowPosition: {x: -2, y: -0, z: -0}
    RightHandWallPosition: {x: 0.454, y: 0.589, z: 0.525}
    LeftHandWallPosition: {x: 0.08352198, y: 0.97721565, z: 0.7229552}
    RightHandWallRotation: {x: 301.66382, y: 322.28848, z: 299.22858}
    LeftHandWallRotation: {x: 354.21362, y: 80.75689, z: 101.96864}
    FingersRightX: 0
    FingersLeftX: 0
    FingersRightY: 0
    FingersLeftY: 0
    FingersRightZ: 0
    FingersLeftZ: 0
    ThumbRightX: 0
    ThumbLeftX: 0
    ThumbRightY: 0
    ThumbLeftY: 0
    ThumbRightZ: 0
    ThumbLeftZ: 0
    CheckWallsColliderSize: {x: 1, y: 1, z: 1}
    CheckWallsBoxPosition: {x: 0, y: 0, z: 0}
    CheckWallsBoxRotation: {x: -0, y: 0, z: 0}
    timeInHand_FPS: 2
    timeBeforeCreating_FPS: 1
    timeInHand_TPS: 2
    timeBeforeCreating_TPS: 1
  CurrentWeaponInfo: []
  WeaponParent: 0
  Direction: {x: 0, y: 0, z: 0}
  inputs: {fileID: 11400000, guid: c647da03305eb437887679be51a2d70c, type: 2}
  currentTab: Attacks
  enumNames:
  - First Person
  - Third Person
  attacksNames:
  - Grenade launcher
  - Bullets
  inspectorTabTop: 0
  bulletTypeInspectorTab: 1
  inspectorTabBottom: 3
  SettingsSlotIndex: 0
  lastSettingsSlotIndex: 0
  canUseValuesInAdjustment: 0
  SwitchToFpCamera: 0
  WasSetSwitchToFP: 0
  UseScope: 0
  UseAimTexture: 0
  IsReloadEnabled: 0
  AttackAudioPlay: 0
  IsAimEnabled: 0
  UIButtonAttack: 0
  ActiveAimTPS: 1
  ActiveAimFPS: 1
  canAttack: 1
  TakeWeaponInAimMode: 1
  TakeWeaponInWallMode: 1
  TakeWeaponInCrouchlMode: 1
  CanUseIK: 1
  CanUseElbowIK: 1
  CanUseWallIK: 1
  CanUseCrouchIK: 0
  CanUseAimIK: 1
  hasAimIKChanged: 0
  hasWallIKChanged: 0
  hasCrouchIKChanged: 0
  wallDetect: 0
  isMultiplayerWeapon: 0
  MultiplayerReload: 0
  MultiplayerAttack: 0
  MultiplayerFire: 0
  MultiplayerRocket: 0
  MultiplayerRocketRaycast: 0
  MultiplayerBulletHit: 0
  MultiplayerAim: 0
  MultiplayerChangeAttack: 0
  ActiveDebug: 0
  PickUpWeapon: 0
  parent: {fileID: 0}
  setCrouchHands: 0
  pressAimButtonOnce: 0
  _scatter: 0.02
--- !u!54 &54213455410086274
Rigidbody:
  m_ObjectHideFlags: 0
  m_CorrespondingSourceObject: {fileID: 0}
  m_PrefabInstance: {fileID: 0}
  m_PrefabAsset: {fileID: 0}
  m_GameObject: {fileID: 1456088859683312}
  serializedVersion: 2
  m_Mass: 1
  m_Drag: 0
  m_AngularDrag: 0.05
  m_UseGravity: 0
  m_IsKinematic: 1
  m_Interpolate: 0
  m_Constraints: 0
  m_CollisionDetection: 0
--- !u!65 &65950153466596062
BoxCollider:
  m_ObjectHideFlags: 0
  m_CorrespondingSourceObject: {fileID: 0}
  m_PrefabInstance: {fileID: 0}
  m_PrefabAsset: {fileID: 0}
  m_GameObject: {fileID: 1456088859683312}
  m_Material: {fileID: 0}
  m_IsTrigger: 0
  m_Enabled: 1
  serializedVersion: 2
  m_Size: {x: 1.6, y: 0.68, z: 0.25}
  m_Center: {x: 0, y: 0.3, z: 0}
--- !u!1 &1833842385043828
GameObject:
  m_ObjectHideFlags: 0
  m_CorrespondingSourceObject: {fileID: 0}
  m_PrefabInstance: {fileID: 0}
  m_PrefabAsset: {fileID: 0}
  serializedVersion: 6
  m_Component:
  - component: {fileID: 4885607293682730}
  m_Layer: 0
  m_Name: Attack Point
  m_TagString: Untagged
  m_Icon: {fileID: 0}
  m_NavMeshLayer: 0
  m_StaticEditorFlags: 0
  m_IsActive: 1
--- !u!4 &4885607293682730
Transform:
  m_ObjectHideFlags: 0
  m_CorrespondingSourceObject: {fileID: 0}
  m_PrefabInstance: {fileID: 0}
  m_PrefabAsset: {fileID: 0}
  m_GameObject: {fileID: 1833842385043828}
  m_LocalRotation: {x: 0, y: 0.7071068, z: 0, w: 0.7071068}
  m_LocalPosition: {x: 0.7380002, y: 0.48699987, z: 0}
  m_LocalScale: {x: 1, y: 1, z: 1}
  m_Children: []
  m_Father: {fileID: 4526055160132184}
  m_RootOrder: 2
  m_LocalEulerAnglesHint: {x: 0, y: 90, z: 0}
--- !u!1 &1974645938872478
GameObject:
  m_ObjectHideFlags: 0
  m_CorrespondingSourceObject: {fileID: 0}
  m_PrefabInstance: {fileID: 0}
  m_PrefabAsset: {fileID: 0}
  serializedVersion: 6
  m_Component:
  - component: {fileID: 4931565393339520}
  m_Layer: 0
  m_Name: Render
  m_TagString: Untagged
  m_Icon: {fileID: 0}
  m_NavMeshLayer: 0
  m_StaticEditorFlags: 0
  m_IsActive: 1
--- !u!4 &4931565393339520
Transform:
  m_ObjectHideFlags: 0
  m_CorrespondingSourceObject: {fileID: 0}
  m_PrefabInstance: {fileID: 0}
  m_PrefabAsset: {fileID: 0}
  m_GameObject: {fileID: 1974645938872478}
  m_LocalRotation: {x: -0, y: -0, z: -0, w: 1}
  m_LocalPosition: {x: 0, y: 0, z: 0}
  m_LocalScale: {x: 1, y: 1, z: 1}
  m_Children:
  - {fileID: 4091752058853762}
  - {fileID: 4536228068042646}
  m_Father: {fileID: 4526055160132184}
  m_RootOrder: 0
  m_LocalEulerAnglesHint: {x: 0, y: 0, z: 0}
